2858 4696
705 266 737 314 16

640 337 800 345 ----

154 436 229 506 dum
259 440 412 505 Iussivus
452 438 561 521 „abr
593 440 636 505 ad
667 442 809 506 alterum
839 443 890 507 ita
922 444 1108 527 apponitur,
1140 449 1178 509 ut
1208 444 1281 530 ipse

152 547 221 611 fere
246 568 512 632 supervacaneus
545 549 599 628 sit,
632 554 666 613 et
700 570 771 613 eam
802 548 897 613 modo
922 550 990 613 vim
1013 549 1147 631 habeat,
1176 559 1214 617 ut
1238 553 1281 618 ad

151 676 221 719 rem
254 653 505 719 accelerandam
541 662 683 736 moneat,
725 657 812 721 sicut
843 663 959 722 nostra
989 656 1106 741 lingua
1136 657 1275 723 dieitur:

152 760 225 846 geh’
249 762 310 826 thu
335 761 403 824 das.
451 760 563 846 Atque
587 762 676 847 apud
700 760 893 828 Terentium
926 770 997 828 tum
1021 765 1200 849 praecipue
1231 767 1281 832 ita

151 876 340 953 usurpatur,
369 890 442 932 eum
466 870 573 934 servis
606 869 732 954 aliquid
756 870 948 935 mandatur:
980 871 1064 936 Eun.
1090 872 1171 938 538:
1196 873 1278 954 abi,

152 975 283 1056 Dorias,
315 976 381 1040 cito
416 975 503 1040 huno
534 974 658 1041 deduce
693 977 736 1042 ad
758 978 917 1057 militem3
950 976 995 1041 ib.
1027 979 1107 1043 763:
1137 985 1174 1044 tu
1205 980 1279 1045 abi

152 1088 251 1167 atque
284 1081 404 1147 obsera
436 1084 558 1148 ostium
588 1086 688 1148 intus.
741 1084 804 1149 Ad.
836 1085 916 1150 917:
957 1090 993 1150 tu
1029 1085 1108 1150 illas
1140 1086 1211 1151 abi
1245 1093 1278 1152 et

152 1189 299 1255 traduce.
346 1190 428 1254 Hee.
454 1190 533 1255 726:
557 1192 661 1255 Immo
678 1213 757 1256 vero
775 1192 863 1272 abi,
888 1192 1034 1276 aliquam
1053 1213 1154 1277 puero
1171 1196 1277 1259 nutri·

153 1319 223 1361 cem
238 1319 329 1382 para.
353 1296 441 1362 And.
458 1298 541 1363 255:
558 1298 629 1362 abi
647 1300 712 1363 cito
730 1321 769 1363 ae
790 1298 954 1383 suspende
967 1305 1012 1364 te.
1048 1299 1179 1364 Phorm.
1191 1301 1276 1365 445:

152 1403 223 1469 abi
246 1406 319 1470 vise
342 1404 524 1469 redieritne
542 1407 608 1470 iam
625 1428 667 1470 an
682 1406 828 1470 nondum
844 1405 991 1486 domum:
1024 1405 1070 1471 ib.
1095 1406 1172 1472 722:
1197 1406 1277 1489 abi,

152 1511 204 1576 die
229 1533 302 1576 esse
335 1519 527 1596 argentum3
559 1513 605 1580 ib.
623 1514 704 1578 994:
730 1512 817 1594 abi,
842 1517 953 1598 tange.
1000 1513 1181 1580 Hessos:
1205 1513 1277 1579 abi

153 1619 242 1684 ecfer
267 1626 451 1704 argentum.

438 1939 491 2019 ΙΙ.
533 1940 604 2019 De
631 1939 980 2042 Imperativo.

241 2155 292 2220 De
316 2160 437 2220 natura
461 2177 499 2218 ae
523 2155 769 2239 significatione
794 2156 864 2220 eius
893 2177 993 2239 supra
1017 2153 1094 2236 dixi,
1127 2160 1162 2220 et
1185 2154 1274 2239 apud

153 2263 345 2327 Terentium
370 2260 510 2326 eundem
535 2282 606 2325 esse
630 2282 726 2325 usum
747 2260 847 2325 facile
863 2261 1098 2346 intellegetur:
1123 2262 1273 2326 omnibus

151 2370 244 2450 locis,
260 2367 319 2432 ubi
335 2370 363 2432 is
380 2374 569 2452 usurpatur,
587 2390 660 2432 eum
675 2368 845 2453 gravitate
860 2367 984 2434 dietum
1001 2389 1074 2433 esse
1087 2364 1273 2453 apparebit.

152 2474 264 2560 Atque
276 2476 417 2560 primum
432 2476 554 2539 iussu
563 2497 595 2538 m
611 2473 745 2558 aliquod
758 2480 817 2538 aut
833 2474 1090 2541 adhortatio
1103 2475 1165 2542 hoc
1178 2476 1273 2541 modo

152 2584 302 2668 graviter
327 2582 528 2662 enuntiatur,
553 2602 615 2665 quo
639 2579 834 2665 profundius
858 2582 967 2646 animo
1001 2583 1140 2647 alterius
1164 2583 1273 2668 impri-

151 2695 271 2774 matur,
295 2710 369 2754 cum
391 2690 459 2754 iam
481 2689 555 2774 ipsa
586 2689 692 2752 forma
723 2688 854 2773 plenius
882 2711 1004 2754 sonans
1037 2713 1110 2754 eum
1140 2710 1274 2753 movere

152 2797 316 2862 videatur.
362 2794 555 2861 Adhibetur
578 2802 690 2860 autem
712 2801 751 2859 ut
775 2795 815 2859 de
843 2797 955 2860 futuro
979 2801 1127 2877 tempore
1159 2795 1209 2857 ita
1234 2793 1274 2856 de

152 2904 389 2990 praesenti.
444 2901 557 2987 Atque
591 2907 630 2967 ut
671 2902 812 2986 primum
852 2900 891 2965 de
934 2900 987 2963 his
1030 2897 1275 2984 posterioribus

85 3026 87 3031 ’
153 3011 312 3096 exemplis
337 3009 454 3090 dicam,
478 3010 513 3073 in
528 3009 612 3073 Eun.
638 3009 702 3074 712
717 3006 885 3073 Phaedria
905 3006 1098 3071 narratione
1116 3005 1274 3085 eunuchi,

153 3120 208 3203 qui
232 3119 369 3183 fratrem
395 3119 465 3182 eius
490 3139 548 3181 suo
573 3116 646 3182 loco
671 3115 714 3180 ad
739 3114 900 3180 Thaidem
928 3113 1103 3179 deductum
1127 3113 1274 3198 puellam

153 3226 293 3290 vitiasse
329 3223 422 3306 dixit,
462 3246 588 3289 summa
632 3222 833 3288 difficultate
875 3221 1025 3302 affectus,
1067 3226 1105 3285 ut
1147 3242 1187 3284 ex
1221 3219 1274 3284 his
1347 3257 1349 3261 ·

153 3332 319 3417 angustiis
336 3352 371 3396 se
389 3331 571 3411 evolveret,
592 3351 709 3394 severo
723 3350 803 3394 sono
818 3329 941 3394 clamat
954 3328 1054 3409 „heus
1071 3335 1108 3393 tu
1120 3332 1274 3410 negato

152 3443 296 3504 rursus.“
340 3438 472 3503 Phorm.
505 3438 587 3503 229:
628 3438 744 3518 „Nunc
775 3438 865 3522 prior
904 3434 1025 3500 adito
1057 3441 1103 3515 tu,
1140 3455 1201 3517 ego
1239 3433 1274 3496 in

152 3545 284 3611 insidiis
326 3545 381 3610 hic
423 3567 478 3610 ero
514 3544 794 3625 subcenturiatus,
830 3546 858 3607 si
893 3543 972 3628 quid
996 3540 1163 3606 deficias“.
1189 3539 1274 3604 *Hic

154 3655 309 3739 graviore
332 3653 536 3737 Imperativo
563 3651 652 3718 Geta
675 3674 792 3717 servus
816 3671 895 3715 usus
920 3655 971 3714 est
995 3650 1115 3733 spiritu
1136 3646 1276 3732 quodam

155 3761 273 3842 elatus,
290 3783 363 3825 cum
385 3761 420 3824 in
444 3765 613 3846 potestate
634 3782 693 3824 sua
711 3780 783 3823 esse
805 3759 906 3823 sciret
923 3757 998 3821 erili
1014 3755 1083 3820 filio
1103 3757 1276 3839 imperare,

154 3869 275 3953 quippe
298 3869 354 3952 qui
377 3849 478 3931 antea
501 3864 543 3931 ad
573 3887 646 3931 eum
679 3865 835 3931 dixisset:
872 3865 950 3949 quin
974 3870 1021 3944 tu,
1045 3861 1124 3946 quid
1146 3861 1275 3940 faciam,

153 3977 289 4061 impera.
335 3972 400 4038 Ad.
424 3974 506 4040 505:
531 3974 657 4038 Demea
674 3973 861 4058 Hegionem
877 3972 1045 4036 abiturum
1061 3967 1274 4053 imperatorio

154 4083 223 4146 fere
247 4079 342 4146 modo
366 4080 460 4146 iubet
491 4080 688 4161 „redito,“
713 4081 807 4165 quasi
831 4081 905 4164 ipsa
928 4079 1034 4142 forma
1059 4075 1272 4141 auctoritatis

154 4189 254 4274 plena
278 4209 351 4251 eum
373 4209 532 4252 revocare
549 4188 643 4253 velit.
690 4189 772 4252 Eun.
790 4187 853 4253 106
871 4186 1032 4251 Parmeno
1055 4182 1097 4248 ad
1114 4180 1275 4246 Thaidem
