2858 4696
695 267 729 317 20

151 447 335 528 rogantem,
357 440 416 507 ubi
438 441 544 516 frater
568 447 667 525 esset,
698 441 805 524 docet,
835 463 900 528 qua
929 443 987 508 via
1008 464 1151 530 pergens
1174 444 1272 510 illum

151 549 348 615 inventurus
386 549 442 632 sit,
475 548 568 614 hisce
606 549 736 615 verbis:
779 549 1051 632 „Praeterito
1083 551 1147 616 hae
1177 557 1273 617 recta

150 655 265 742 platea
288 677 420 736 sursus3
442 656 500 721 ubi
525 677 563 722 co
587 657 730 739 veneris,
755 657 861 722 clivos
885 655 1039 723 deorsum
1061 679 1178 724 versus
1204 666 1272 725 est:

151 764 214 829 hac
239 764 546 849 praecipitato
571 764 699 831 -hac
723 765 896 850 pergito
922 803 964 811 -
986 762 1045 829 ubi
1076 764 1118 831 ad
1141 765 1273 834 Dianae

151 871 294 952 veneris,
317 871 374 936 ito
399 869 442 934 ad
466 868 644 936 dextrane
694 868 815 936 Confer
838 871 953 936 Plauti
976 872 1078 938 Mero.
1104 872 1182 937 140:
1217 880 1273 956 „at

111 1053 113 1056 .
152 978 270 1063 edepol
294 982 332 1042 tu
355 976 498 1043 calidam
520 979 628 1063 picem
649 976 813 1043 bibito:
841 977 1017 1063 aegritudo
1041 977 1272 1047 abseesserit.“
1360 1040 1363 1045 .

151 1084 224 1150 Mil.
250 1084 336 1149 1176
367 1105 427 1169 sq:
463 1082 590 1165 „Quom
623 1083 788 1171 extemplo
821 1086 886 1150 erit
916 1085 978 1150 hoc
1009 1085 1134 1151 factum
1155 1088 1272 1153 -ibi

150 1196 189 1257 tu
211 1191 291 1257 ilico
321 1191 479 1272 facito,
511 1193 562 1256 uti
593 1192 709 1256 venias
733 1190 1063 1277 -adsimulato
1097 1193 1190 1277 quasi
1213 1216 1271 1279 gu·

150 1297 310 1364 11111111
333 1299 438 1377 sies“;
460 1297 506 1363 ib.
531 1297 618 1362 1184
641 1319 705 1383 sq:
740 1296 818 1379 „ubi
841 1319 896 1363 ero
917 1305 1106 1380 exornatus,
1130 1300 1209 1385 quin
1231 1305 1269 1366 tu

152 1404 245 1487 dicis,
261 1403 341 1490 quid
356 1405 505 1470 factiuns
522 1402 619 1469 sum?
644 1442 686 1451 -
710 1404 785 1469 Huc
801 1427 823 1469 v
834 1404 953 1470 enito
971 1410 1005 1470 et
1023 1408 1142 1471 matris
1157 1405 1271 1472 verbis

152 1512 403 1576 accersit0.“
444 1511 546 1578 Most.
565 1512 667 1577 1149:
691 1510 770 1596 quid
787 1532 848 1597 ego
868 1533 954 1577 nunc
970 1512 1092 1578 faciam
1107 1514 1137 1577 si
1160 1563 1168 1578 .
1192 1563 1200 1578 .
1223 1562 1231 1579 .
1255 1512 1272 1578 ?

150 1618 301 1684 Dicito
339 1618 391 1699 iis,
433 1639 496 1702 quo
537 1624 636 1702 pacto
675 1624 752 1683 tuus
789 1623 824 1684 te
865 1639 981 1683 servos
1018 1617 1272 1686 ludificaveritf‘

151 1725 253 1791 Poen.
278 1725 358 1790 729:
394 1722 452 1806 „Si
467 1725 603 1810 pultem,
619 1747 685 1790 non
699 1723 876 1790 recludet?
900 1724 1026 1790 Panem
1046 1727 1062 1790 f
1067 1728 1271 1812 1118111.ιι

241 1830 409 1917 Sequitur,
439 1837 478 1897 11
508 1830 549 1896 de
581 1853 619 1896 ec
650 1853 713 1897 usu
736 1831 933 1917 imperativi
964 1853 1071 1917 agam,
1094 1832 1153 1898 uhi
1177 1856 1271 1899 con·

152 1940 325 2005 1111111
346 1939 458 2003 visin
482 1959 520 2003 eo
544 1939 641 2022 inest.
687 1939 738 2004 De
762 1938 825 2004 hac
856 1944 978 2004 natura
1001 1940 1072 2004 eius
1096 1961 1196 2025 supra
1217 1963 1271 2008 mo

152 2045 280 2111 affatim
310 2044 490 2111 diseruisse
520 2051 611 2131 puto,
643 2051 678 2111 et
709 2067 793 2131 quae
816 2045 865 2110 ibi
889 2045 1068 2132 disputavi,
1091 2047 1126 2112 in
1151 2048 1271 2115 'Peren-

150 2154 246 2218 11111
261 2173 389 2238 quoque
407 2152 558 2237 exempla
570 2151 734 2237 quadrare
746 2152 846 2218 facile
862 2153 1090 2238 intellegetur.
1130 2154 1270 2221 Praeter

151 2259 248 2325 illum
269 2259 423 2324 Eunuchi
446 2279 580 2324 versum
603 2258 668 2323 596
685 2279 785 2343 supra
801 2253 983 2325 tractatum
1005 2259 1069 2324 huc
1084 2262 1271 2345 pertinent:

150 2367 234 2432 Eun.
265 2365 367 2432 1057:
402 2365 484 2447 „hoc
515 2367 545 2430 si
576 2364 726 2431 effeceris
758 2364 898 2450 quodvis
937 2365 1059 2431 donum
1087 2370 1271 2452 praemium

152 2495 172 2536 a
194 2494 246 2537 me
270 2475 459 2557 optato‘·,
483 2493 545 2556 quo
562 2472 695 2556 proprie
712 2471 840 2536 Thraso
858 2470 1070 2538 Gnathonem
1088 2477 1270 2560 praemium

151 2583 267 2663 optare
290 2578 394 2660 iubet,
417 2578 500 2644 haec
523 2583 635 2643 autem
658 2599 732 2643 cum
754 2599 808 2643 res
833 2579 878 2645 sit
902 2579 956 2644 illi
972 2581 1173 2665 gratissima,
1197 2604 1270 2648 eon·

152 2687 335 2751 cessionem
358 2684 522 2770 quandam
554 2685 585 2751 ei
615 2685 707 2751 facit.
753 2683 819 2752 Ad.
843 2686 906 2750 977
917 2708 924 2750 :
960 2687 1152 2768 „Postremo
1176 2710 1197 2752 a
1218 2710 1271 2754 me

151 2797 327 2878 argentum
356 2792 514 2878 quanti’st
544 2794 722 2859 sumito“
756 2790 880 2882 (darfst
909 2791 1083 2880 nahmen);
1112 2793 1158 2856 ib.
1191 2793 1270 2858 174:

151 2898 297 2982 „Verum
319 2900 354 2964 11
376 2900 478 2965 istam
501 2900 612 2984 potius
635 2903 813 2984 peccato
829 2901 970 2979 tamen,“
994 2917 1057 2983 quo
1081 2895 1270 2965 Aeschinus

151 3026 248 3072 servo
271 3005 448 3093 permittit,
471 3011 510 3072 ut
534 3004 696 3072 Sannicni
718 3005 833 3071 lenoni
849 3025 978 3090 pugnos
1000 3004 1127 3071 inferat
1142 3027 1271 3072 —rem

35 3130 38 3134 ·
150 3114 205 3179 1111
227 3113 368 3179 maxime
394 3119 596 3199 exoptatam.
641 3112 717 3178 Huc
741 3111 904 3178 accedunt
927 3111 990 3177 duo
1013 3111 1089 3194 loci,
1115 3111 1175 3178 ubi
1198 3135 1271 3179 cum

152 3219 270 3286 ardore
294 3225 329 3287 et
351 3220 502 3307 emphasi
532 3218 664 3300 dicitur,
694 3219 744 3285 ita
766 3223 806 3284 ut
827 3219 972 3284 imitatio
1000 3217 1162 3303 quaedam
1183 3219 1271 3306 legis

151 3327 366 3393 formularum
381 3329 491 3392 inesse
506 3325 677 3407 videatur3
693 3331 786 3391 aunt:
810 3323 898 3391 And.
915 3325 996 3392 863:
1023 3324 1082 3407 „Si
1097 3326 1271 3411 quicquam

151 3435 585 3516 11111111111111111111,
609 3431 840 3513 oceidito;“
866 3432 998 3498 Phorm.
1024 3432 1103 3499 143:
1126 3431 1185 3497 ubi
1209 3452 1269 3517 ego

151 3541 229 3606 hinc
245 3541 369 3624 abiero,
391 3541 450 3606 vel
464 3538 694 3607 occidito.“
732 3537 788 3603 Ad
803 3539 941 3605 tertiam
955 3559 1131 3624 personam
1147 3539 1271 3604 attinet

150 3648 283 3713 Phorm.
314 3648 396 3715 668:
435 3645 638 3729 „Sexcentas
676 3644 815 3731 proinde
850 3645 1048 3711 scribito
1086 3645 1153 3709 iam
1188 3644 1271 3709 mihi

152 3754 272 3838 dicas,“
302 3754 361 3820 ubi
391 3754 491 3820 simul
522 3774 595 3819 cum
624 3752 803 3838 magnifica
833 3753 1004 3839 gravitate
1026 3753 1104 3836 quia
1128 3773 1201 3817 cum
1223 3752 1271 3816 in·

152 3860 346 3947 dignatione
378 3860 510 3927 dicitur.
562 3860 643 3926 Eius
674 3858 764 3925 modi
795 3865 847 3924 est
877 3859 1011 3924 Phorm.
1036 3857 1120 3923 1027
1131 3879 1138 3922 :
1174 3855 1270 3942 „Age

151 3988 238 4033 nunc
268 3967 502 4034 Phormionem
531 3968 587 4053 qui
617 3966 712 4032 volet
741 3966 992 4031 laccesito.“
1040 3965 1164 4032 Heaut.
1187 3963 1269 4029 571:

153 4074 263 4140 esto!
309 4075 361 4141 Ex
382 4075 551 4141 Plautinis
576 4074 660 4139 locis
684 4079 818 4158 praeter
843 4093 908 4154 eos,
932 4091 1012 4156 quos
1029 4092 1130 4157 supra
1151 4090 1270 4135 memo·

152 4183 236 4265 ravi,
270 4181 358 4248 Men.
394 4183 490 4264 1029,
531 4179 616 4247 uua
653 4179 749 4262 1148,
791 4177 870 4246 Aul.
906 4178 950 4245 55
983 4178 1048 4244 huc
1081 4178 1269 4264 pertinent:
