2858 4696
732 222 767 272 34

186 400 294 479 autre,
317 396 481 483 simulque
495 403 626 484 tempus
643 399 785 465 aetionis
801 422 867 465 non
882 405 1032 486 urgetur,
1055 403 1106 467 ita
1127 407 1166 468 ut
1182 404 1311 470 aorista

186 503 348 590 quaedam
370 503 574 590 significatio
605 506 696 571 insit.
749 507 882 572 Iussivo
908 514 1018 574 autem
1048 515 1082 575 et
1104 509 1311 594 Imperativo

185 632 320 697 prorsus
344 611 470 676 iussum
494 611 629 697 aliquod
653 618 712 677 aut
735 612 917 679 admonitio
943 616 1136 680 enuntiatur
1161 622 1195 681 et
1210 617 1311 681 simul

185 718 329 799 intentio
351 720 451 800 inest,
481 725 529 801 ut,
562 740 645 804 quae
668 719 836 803 iubentur,
860 721 903 787 ab
929 723 1036 788 altero
1060 722 1117 788 vel
1139 725 1312 807 praesenti

186 826 242 892 vel
266 847 304 891 eo
335 831 493 911 tempore,
524 825 611 910 quod
640 825 881 893 additamentis
923 830 1113 895 accuratius
1145 828 1312 912 definitur,

186 934 288 1000 etiam
311 931 539 1000 conficiantur.
584 932 678 997 Idem
693 935 729 998 in
752 956 876 1020 graeca
890 936 1008 1021 lingua
1026 957 1106 1002 usus
1122 942 1313 1002 structurae

185 1034 224 1107 dv
252 1061 279 1105 c.
310 1037 387 1125 Opt.
418 1045 480 1122 661,
512 1061 586 1125 qua,
618 1042 751 1126 proprie
790 1043 1007 1127 potentialem
1047 1044 1117 1107 uim
1155 1042 1313 1126 habente,

184 1166 285 1232 saepe
315 1146 441 1212 iussum
471 1152 530 1212 aut
560 1146 751 1213 adhortatio
789 1149 938 1214 modeste
979 1149 1187 1217 enuntiatur:
1222 1151 1313 1216 Plat.

185 1276 216 1338 p.
242 1253 304 1318 126
328 1251 371 1335 Α,
402 1260 438 1318 61
460 1253 602 1319 Phaedr.
635 1255 709 1336 227,
733 1252 775 1320 0:
811 1255 913 1342 λέγοις
936 1248 983 1323 du.
1007 1255 1141 1321 Phaedr
1164 1258 1239 1338 229,
1265 1257 1312 1325 Β;

185 1352 340 1446 προάγοις
355 1355 403 1429 tv.
429 1359 529 1446 Soph.
544 1361 596 1427 El.
615 1361 717 1426 1491:
742 1365 856 1450 χωροῖς
872 1357 918 1428 iia
953 1363 1042 1428 Plat
1067 1362 1198 1428 Phileb.
1216 1365 1258 1428 23
1275 1363 1311 1430 0.

185 1464 258 1530 Pol.
291 1466 354 1532 267
386 1464 427 1531 D.
463 1467 528 1533 268
559 1467 598 1534 u.
632 1468 697 1534 283
727 1467 770 1533 Ι).
795 1469 860 1534 269
884 1468 919 1534 Ο.
947 1471 1031 1537 Tim.
1058 1470 1108 1549 19,
1132 1469 1170 1535 Β.
1216 1469 1312 1537 Dem.

186 1593 294 1638 coron.
320 1573 393 1638 160.
428 1574 642 1655 Η6111.Ι1.Ι,
669 1575 742 1641 132.
767 1573 868 1660 Soph.
893 1576 980 1647 Phil.
1000 1576 1075 1641 666.
1100 1576 1311 1644 2166116111.

138 1717 141 1722 -
185 1677 366 1746 11116616.
392 1680 465 1746 713.
491 1678 666 1765 Aristoph.
690 1681 778 1746 Nub.
807 1681 882 1748 726.

274 1786 324 1853 Ut
354 1793 465 1853 autem
495 1788 530 1853 in
560 1792 677 1852 nostra
706 1786 831 1872 lingua,
861 1808 936 1852 cum
959 1787 1114 1853 dicimus:
1139 1788 1182 1854 du
1204 1788 1314 1856 darfst

185 1893 459 1980 stillschweigeu,
492 1914 592 1978 saepe
622 1898 757 1959 strenue
791 1894 990 1978 postulatur,
1021 1900 1061 1962 ut
1095 1896 1168 1981 quis
1200 1896 1311 1978 sileat,

185 2000 236 2066 ita
257 2001 293 2065 iu
315 2001 424 2066 latina
448 2022 575 2086 quoque
598 2000 766 2066 interdum
788 1999 940 2066 modesta
963 2002 1069 2067 forma
1092 2003 1179 2066 acris
1199 2008 1312 2087 postu·

184 2106 270 2172 latio
303 2109 559 2193 pronuntiatu13
604 2113 651 2190 ut,
694 2129 768 2172 cum
810 2108 883 2191 quis
927 2106 1024 2173 dicit:
1063 2111 1215 2190 „taceas“
1253 2109 1310 2174 vel

189 2213 330 2295 „abeae“
355 2213 523 2281 interdum
552 2219 666 2279 tacere
691 2213 745 2276 vel
770 2212 863 2278 abire
893 2214 1038 2279 alterum
1067 2237 1184 2280 severe
1207 2214 1311 2280 iubet.
1382 2219 1390 2235 ‘

185 2319 255 2386 Sed
276 2326 315 2387 ut
337 2321 381 2386 ad
404 2321 598 2387 Terentium
628 2325 790 2400 revertar,
814 2341 889 2384 cum
912 2341 1024 2385 omnes
1049 2321 1151 2404 locos,
1173 2321 1233 2387 ubi
1256 2323 1311 2387 hio

186 2425 427 2493 Coniunctivus
449 2429 595 2493 usitatus
629 2433 689 2508 est,
719 2431 867 2492 11661616
895 2426 1032 2512 longum
1055 2429 1110 2509 611,
1134 2449 1190 2493 666
1214 2427 1310 2492 modo

186 2534 331 2616 afferam,
354 2534 413 2600 ubi
429 2533 469 2598 de
486 2533 595 2599 altera
609 2554 752 2618 persona
768 2534 891 2618 agitur.
938 2532 1025 2600 Sunt
1040 2533 1092 2598 hi:
1116 2532 1205 2601 And.
1230 2534 1309 2600 598:

189 2642 441 2726 ,quiescas,“
476 2662 538 2726 quo
576 2641 709 2726 proprie
748 2639 886 2705 dicitur:
918 2642 1088 2726 quiescere
1122 2639 1187 2707 tibi
1218 2641 1309 2720 licet,

186 2745 230 2812 du
244 2747 371 2814 kannst
385 2747 485 2834 ruhig
501 2748 583 2829 sein,
600 2768 673 2812 oum
688 2747 751 2812 hoc
767 2745 964 2832 eupleudum
983 2748 1043 2812 sit:
1068 2767 1146 2830 ergo
1164 2746 1307 2828 quiesce.

185 2854 297 2940 Igitur
326 2854 376 2919 ibi
406 2877 473 2920 non
502 2860 573 2921 tam
603 2854 714 2939 palam
739 2852 920 2918 admonitio
944 2851 1188 2936 pronuntiatur,
1213 2867 1310 2932 quam

184 2960 221 3027 iu
244 2961 375 3027 Phorm.
400 2960 481 3042 6703
521 2982 604 3046 „ego
620 2959 716 3042 dabo,
733 2959 884 3045 quiesce“
903 2959 959 3023 vel
982 2955 1028 3021 ib.
1045 2956 1127 3023 713:
1153 2955 1307 3040 „quietus

188 3071 290 3150 osto,“
317 3073 418 3153 atque
450 3068 640 3134 exhortatio
671 3065 779 3151 magis
802 3086 823 3129 a
845 3085 955 3130 rerum
986 3061 1188 3143 condicione,
1214 3082 1313 3146 qnam

186 3172 326 3260 abipso
357 3174 514 3258 loquente
544 3172 710 3259 proficisci
741 3171 883 3236 videtur.
929 3170 1157 3235 Η66111177ε
1196 3168 1311 3253 „proin

185 3285 225 3346 tu
238 3279 501 3347 sollicitudinem
516 3281 618 3345 istam
633 3278 762 3359 falsam,
779 3299 863 3362 quoe
878 3282 913 3342 te
933 3277 1112 3359 excruciat,
1127 3278 1309 3357 mittas,“

186 3387 335 3471 proprie:
373 3407 502 3470 „rerum
534 3383 684 3450 condicio
716 3405 758 3449 ea
781 3389 842 3466 est,
865 3390 903 3450 ut
926 3386 1061 3451 mittere
1083 3384 1150 3450 tibi
1171 3384 1308 3464 liceat,“

186 3491 392 3580 pergendum
413 3498 528 3559 autem
552 3497 619 3557 eet:
655 3512 753 3577 „ergo
777 3490 939 3576 quiesce,“
966 3489 1062 3576 quod,
1086 3491 1142 3576 qui
1161 3490 1311 3575 loquitur

186 3620 254 3665 non
286 3598 391 3680 addit,
428 3599 487 3665 666
517 3599 661 3665 altorum
701 3597 741 3663 66
773 3618 811 3663 eo
842 3603 992 3664 statuere
1022 3598 1120 3679 sinit;
1155 3597 1201 3663 ib.
1231 3596 1312 3664 345:

188 3704 316 3788 „datur,
339 3707 356 3770 f
362 3727 508 3788 111616,
532 3705 609 3771 dum
630 3705 741 3786 licet,“
771 3705 879 3789 magis
907 3704 1120 3770 familiariter
1144 3702 1313 3783 suadetur,

188 3833 286 3898 quam
307 3811 454 3880 iubetur.
499 3811 659 3878 Eiusdem
680 3811 823 3877 rationis
847 3811 997 3878 66111611.
1015 3810 1081 3877 370
1096 3831 1181 3896 sqq:
1216 3807 1313 3891 „Oa-

187 3920 286 4006 pias
309 3919 404 3985 illias
427 3925 557 3986 vestem
580 3957 624 3969 --
647 3926 685 3985 tu
707 3917 779 3983 illis
803 3917 819 3982 f
824 3938 950 3983 ruere
979 3916 1168 3998 commodis,
1192 3914 1313 4001 quibus

188 4031 227 4092 tu
247 4025 344 4091 illum
367 4024 503 4092 dicebas
519 4024 631 4091 modo:
666 4024 778 4091 cibum
793 4045 860 4090 una
876 4026 1045 4110 capias,
1061 4023 1199 4104 adsis,
1218 4027 1313 4088 tau·

188 4130 826 4221 ςο.1,1116116,ρ16111616611111611.ιι
864 4132 997 4198 Phorm.
1015 4131 1073 4196 69:
1098 4128 1313 4211 „desinas,
