2858 4696
701 238 733 287 10

635 309 795 318 ————.

151 433 229 497 pars
252 433 358 496 neque
380 413 540 496 primaria
561 417 683 478 natura
707 420 768 479 est.
815 412 852 480 Si
878 414 965 479 enim
989 419 1088 494 esset,
1120 413 1276 499 intellegi
1312 394 1316 402 ’

151 540 217 582 non
240 525 362 603 posset,
396 519 451 603 qui
475 518 571 584 fieret
601 526 640 585 ut
663 521 857 604 saepissime
881 521 933 584 vis
962 520 1162 586 adhortandi
1185 522 1276 602 insit,

150 631 188 690 ut
212 625 413 710 aliquotiens
438 626 540 691 etiam
563 629 748 712 rogationis
772 628 892 692 similis
909 633 1098 712 usurpetur.
1137 629 1276 693 Minime

152 736 263 795 autem
294 730 409 797 Oicero
449 732 535 818 apud
574 734 740 818 populum,
777 735 869 799 ouius
900 735 1115 800 maiestatem
1146 757 1276 820 semper

151 839 341 920 verebatur,
369 839 425 904 vel
458 839 546 925 apud
576 839 703 905 iudices
734 840 796 904 hoc
827 841 1033 925 Imperativo
1066 862 1145 905 usus
1178 846 1276 922 esset,

151 945 238 1029 quod
262 968 335 1011 cum
357 947 478 1012 fecisse
500 947 615 1012 multis
640 947 800 1031 exemplis
825 946 1088 1027 demonstratur;
1112 946 1191 1012 vide
1215 969 1275 1032 pro

153 1051 250 1118 Sulla
272 1054 334 1135 XI,
359 1054 418 1120 33:
443 1052 649 1119 adestote
673 1075 786 1119 omnes
810 1055 939 1133 animis,
967 1054 1024 1137 qui
1048 1053 1176 1119 adestis
1208 1074 1276 1118 cor·

151 1159 305 1243 poribus;
321 1159 418 1225 Verr.
431 1159 510 1225 Act.
522 1161 549 1242 I,
565 1160 617 1240 40,
637 1162 677 1225 13
690 1165 891 1246 quapropter
906 1161 956 1225 ita
971 1181 1023 1224 me
1040 1159 1080 1224 de
1098 1166 1276 1244 praeturae

152 1266 345 1332 criminibus
369 1266 588 1349 auditote,
618 1273 665 1332 ut.
698 1268 776 1334 Act.
806 1267 868 1348 IV,
892 1267 945 1348 58,
971 1268 1049 1332 131:
1080 1272 1119 1332 ut
1143 1268 1276 1352 saepius

152 1372 195 1437 ad
218 1373 263 1438 Μ.
279 1374 477 1439 Marcellum
500 1380 662 1456 revertar,
686 1376 734 1440 sic
759 1374 968 1440 habetote
992 1374 1105 1458 plures
1130 1395 1214 1440 esse.

240 1480 352 1566 Igitur
391 1502 464 1545 cum
494 1482 646 1565 gravitas
684 1481 782 1546 huius
821 1482 947 1546 formae
986 1482 1121 1567 propria
1151 1481 1207 1561 sit,
1237 1502 1276 1546 ea

153 1588 327 1672 aptissima
351 1592 412 1668 est,
436 1589 572 1672 quaein
591 1586 725 1672 legibus
742 1586 927 1653 scribendis
944 1593 1132 1673 usurpetur,
1155 1589 1275 1673 quippo

153 1714 236 1777 quae
260 1715 376 1759 severe
401 1701 436 1759 et
458 1695 577 1779 grandi
601 1697 761 1776 oratione,
784 1701 823 1760 ut
845 1696 895 1760 ita
922 1694 1038 1777 dicam,
1063 1694 1105 1760 ad
1126 1695 1274 1760 homines

152 1800 330 1885 loquantur
369 1809 404 1866 et
439 1804 674 1868 auctoritatem
713 1802 779 1868 sibi
810 1801 992 1867 vindicent.
1046 1801 1180 1890 (Moneo
1212 1802 1274 1868 hoo

151 1908 235 1989 loco,
265 1930 318 1972 me
349 1931 415 1974 non
447 1908 684 1990 demonstrare,
715 1914 753 1975 ut
782 1930 870 1974 nunc
900 1908 998 1973 nobis
1032 1930 1072 1973 ex
1104 1910 1274 1994 exemplis,

152 2036 236 2098 quae
260 2021 404 2097 exstant,
426 2016 653 2082 iudicantibus
676 2037 730 2080 res
759 2036 831 2080 esse
855 2014 1020 2095 videatur,
1052 2015 1110 2080 sed
1132 2021 1172 2081 ut
1194 2021 1274 2097 tum,

153 2144 313 2187 eumusus
321 2122 457 2208 linguae
468 2123 649 2207 epaulatim
659 2124 860 2189 constitutus
870 2130 930 2205 est,
941 2145 980 2188 ex
988 2124 1146 2207 primaria
1154 2129 1275 2189 natura

153 2229 306 2314 singulae
331 2230 594 2315 significationes
619 2229 826 2310 effluxerint;
850 2229 936 2315 quod
959 2229 1014 2294 hic
1029 2230 1273 2315 respiciendum

153 2342 214 2417 est,
248 2357 290 2401 ne
324 2337 411 2402 forte
453 2337 526 2420 quis
568 2357 620 2400 me
655 2335 743 2401 falsa
776 2337 1033 2401 ratiocinatione
1067 2338 1119 2403 uti
1152 2337 1273 2425 putet.)

152 2444 333 2508 Praeterea
357 2449 468 2508 autem
490 2445 525 2506 in
549 2445 737 2528 praeceptis
763 2449 797 2508 et
816 2442 859 2507 ad
875 2444 981 2508 vitam
997 2443 1082 2508 bene
1098 2445 1273 2510 instituen-

153 2549 228 2614 dam
261 2555 296 2614 et
326 2549 369 2614 ad
400 2550 485 2614 alias
516 2571 570 2614 res
601 2549 796 2614 tractandas
827 2548 916 2614 datis
956 2555 1056 2634 atque
1086 2552 1122 2614 in
1154 2551 1273 2617 edictis

152 2656 305 2741 publicis,
344 2678 427 2741 quae
464 2657 573 2720 omnia
610 2678 683 2721 cum
721 2657 892 2741 gravitate
922 2658 1189 2740 pronuntiantur,
1220 2658 1275 2722 hic

152 2764 375 2848 Imperativus
392 2785 487 2828 suum
501 2763 611 2828 locum
626 2762 739 2828 habet.
784 2762 913 2828 Deinde
931 2785 971 2828 ex
987 2764 1049 2828 hac
1069 2765 1139 2828 eius
1155 2770 1276 2829 natura

154 2873 277 2956 optime
300 2870 523 2955 intellegitur,
550 2871 606 2953 qui
629 2869 698 2950 fiat,
729 2875 767 2932 ut
798 2870 992 2953 saepissime
1023 2868 1063 2934 de
1096 2870 1143 2933 eis
1175 2869 1276 2934 rebus

153 2976 361 3059 adhibeatur,
386 2998 469 3061 quae
492 2977 669 3042 remotiore
700 2981 848 3060 tempore
881 2973 1076 3040 efficiendae
1107 2981 1194 3041 sunt.
1239 2977 1275 3041 Is

155 3085 251 3165 enim,
280 3085 335 3168 qui
359 3084 429 3151 tale
453 3082 580 3167 aliquid
603 3084 755 3167 imperat,
785 3083 941 3167 graviore
964 3083 1070 3146 forma
1099 3083 1216 3164 utitur,
1239 3091 1277 3150 ut

155 3214 194 3256 ea
218 3212 301 3276 quae
324 3191 428 3272 iubet,
452 3191 486 3254 in
510 3191 619 3255 animo
645 3191 715 3255 eius
740 3191 792 3255 eui
809 3188 901 3270 dicit,
924 3189 1087 3255 haereant
1102 3211 1187 3255 neve
1203 3191 1273 3272 illo,

155 3320 227 3363 cum
257 3299 422 3382 imperata
453 3296 564 3381 aliquo
597 3296 726 3361 demum
756 3303 905 3381 tempore
935 3302 1071 3381 peracto
1101 3296 1276 3362 efficienda

154 3406 231 3486 sint,
260 3426 300 3470 ea
331 3404 561 3469 obliviscatur.
606 3405 647 3468 In
677 3404 752 3488 ipsa
783 3409 894 3469 autem
924 3404 1031 3467 forma
1061 3403 1143 3467 haec
1175 3404 1275 3488 signi-

154 3512 266 3576 ficatio
289 3534 356 3576 non
378 3514 476 3593 inest,
500 3509 560 3576 sed
582 3532 642 3595 per
665 3532 701 3575 se
725 3531 765 3575 ea
789 3509 831 3574 ad
854 3509 982 3574 nullum
999 3515 1126 3574 certum
1145 3515 1275 3593 tempus

154 3620 302 3704 pertinet
333 3625 367 3685 et
399 3620 446 3683 eis
476 3618 615 3699 demum,
654 3638 737 3702 quae
769 3615 944 3699 adduntur,
982 3617 1055 3681 sive
1091 3617 1274 3681 enuntiatis

154 3726 394 3811 temporalibus
425 3725 481 3790 vel
513 3722 798 3790 conditionalibus
827 3725 899 3788 sive
929 3722 1099 3789 adverbiis
1129 3723 1275 3789 futurum

155 3833 403 3898 continentibus
435 3831 478 3896 ad
509 3833 656 3896 futurum
687 3837 816 3915 tempus
855 3832 1009 3896 refertur.
1063 3829 1132 3895 Ubi
1164 3837 1273 3896 autem

155 3940 281 4025 aliquid
305 3963 370 4005 non
396 3962 469 4005 cum
492 3941 662 4025 gravitate
685 3940 876 4023 imperatur,
901 3938 1033 4003 etiamsi
1058 3938 1208 4001 executio
1225 3938 1274 4001 rei

154 4050 190 4113 in
221 4050 367 4113 futurum
397 4056 527 4132 tempus
567 4046 666 4128 eadit,
704 4046 892 4111 breviorem
926 4046 1065 4110 formam
1095 4046 1170 4110 usui
1202 4061 1274 4109 esse

155 4155 315 4237 videmus,
339 4155 425 4241 quod
449 4155 608 4241 exemplis
631 4154 702 4220 illis
726 4175 826 4239 supra
858 4152 973 4218 allatis
1004 4157 1153 4236 apparet.
1199 4151 1274 4216 Huc
