2858 4696
697 241 730 289 28

632 311 792 318 —-—-

150 417 262 482 liohen
285 438 351 482 von
375 437 485 498 avere,
510 414 645 481 avidum
669 435 751 496 esse,
774 413 914 479 wonaoh
937 411 1059 478 audere
1086 412 1274 498 gleichsam

151 521 296 604 evidere,
327 523 413 588 Lust
441 521 551 587 haben
583 521 773 587 bedentet.“
818 520 881 585 Est
911 519 1016 605 igitur
1038 519 1122 584 haee
1146 541 1275 604 quoque

150 629 231 694 talis
254 650 328 711 vox,
353 629 492 713 quavis
515 629 640 693 Iussivi
663 627 720 693 vel
742 626 941 711 Imperativi
963 625 1106 690 humane
1136 626 1273 707 lenitur,
1296 633 1300 640 '

150 741 188 802 ut
210 740 324 800 nostro
349 736 533 820 gefalligst.
579 735 652 799 Hoo
669 738 779 799 autem
794 755 861 797 non
884 739 954 797 tam
969 730 1119 797 modeste
1140 730 1274 813 dieitur,

152 863 249 926 quam
272 863 344 906 oum
369 845 529 926 „quaeso“
545 841 602 906 vel
625 842 710 922 „sis“
726 839 869 921 additur,
893 845 993 924 atque
1008 839 1093 902 hano
1109 839 1274 902 rationem

152 946 285 1012 dioendi
307 948 395 1034 apud
411 949 603 1014 Terentium
618 948 796 1032 praecipue
818 948 854 1011 in
878 966 992 1010 servos
1017 945 1074 1010 vel
1097 945 1274 1010 inferiores

110 1078 112 1081 ·
150 1053 300 1118 homines
312 1055 465 1139 usurpari
477 1052 638 1119 videmus.
684 1054 740 1119 Ita
753 1054 860 1118 servis
882 1051 1087 1118 dictumest:
1111 1049 1199 1115 And.
1213 1051 1273 1116 85:

151 1158 234 1241 „Die
257 1160 400 1242 sodes,
425 1162 498 1246 quis
528 1161 602 1226 heri
632 1158 829 1243 chrysidem
852 1156 1017 1223 habuis?
1041 1157 1164 1223 Heaut.
1188 1156 1273 1224 580:

154 1271 249 1347 „tace
266 1265 412 1331 sodes“
428 1265 536 1353 (halte
549 1267 725 1352 gafalhgst
741 1266 804 1331 den
816 1264 945 1351 Mund).
969 1264 1051 1329 Heo.
1067 1263 1149 1328 481:
1165 1262 1274 1345 „vide,

151 1373 196 1438 mi
212 1373 384 1455 Parmeno,
409 1374 511 1438 etiam
527 1373 688 1454 sodes“;
710 1372 756 1437 ib.
773 1373 855 1437 844:
890 1392 1005 1452 „mane
1022 1369 1098 1435 dum
1114 1368 1274 1434 sodes.“

152 1476 209 1542 Ad
239 1480 423 1563 parasitum
453 1480 489 1543 iu
520 1479 651 1545 Phorm.
683 1480 746 1545 921
780 1479 906 1544 Demea
930 1476 1029 1542 dioit:
1065 1475 1143 1558 „sed
1166 1478 1275 1542 transi

152 1583 280 1650 sodes
304 1584 347 1650 ad
370 1587 476 1652 forum
501 1592 600 1671 atque
623 1585 709 1650 illud
731 1585 815 1651 mihi
839 1589 1014 1670 argentum
1036 1604 1166 1648 rursum
1195 1583 1274 1648 iube

150 1689 320 1756 resoribi.“
366 1688 423 1755 Ad
444 1691 627 1778 ignobilem
651 1691 813 1778 quendem
835 1693 871 1757 in
894 1691 1030 1756 Phorm
1053 1691 1117 1757 103
1135 1689 1273 1757 dieitur:

151 1796 233 1877 „duo
255 1817 316 1860 nos
347 1795 503 1862 sodes.“
548 1798 670 1864 Heaut.
701 1798 767 1863 459
799 1798 958 1862 meretrix
989 1798 1161 1882 arroganti
1193 1818 1273 1862 sono

152 1902 265 1968 dioens
295 1902 446 1990 fingitur:
480 1902 676 1990 „Asperum
707 1911 813 1990 pater,
844 1904 907 1968 hoo
939 1908 1006 1969 est:
1046 1902 1137 1969 aliud
1164 1903 1274 1968 lenius

152 2008 276 2074 sodes
300 2009 414 2091 vide“;
437 2012 482 2076 ib.
508 2012 573 2076 770
596 2010 702 2095 Syrus
726 2032 843 2076 servus
868 2012 916 2076 eri
942 2009 1137 2076 laudatione
1162 2009 1273 2076 elatus

152 2137 225 2182 eum
247 2121 375 2182 monet:
412 2117 495 2198 „Dio
518 2116 663 2182 sodes“
688 2115 784 2205 (sege
809 2139 844 2183 es
867 2139 930 2183 nur
952 2115 1100 2204 herens.)
1145 2116 1274 2182 Maiore

152 2244 225 2288 oum
247 2222 412 2288 modestia
435 2223 560 2290 dietum
584 2229 635 2289 est
657 2225 693 2289 in
708 2223 832 2307 Heoyr.
856 2223 937 2291 358:
972 2225 1010 2309 „I
1026 2222 1151 2289 sodes
1173 2224 1273 2304 intro,

152 2351 334 2415 consequar
370 2330 438 2395 iam
475 2336 519 2412 te,
555 2351 631 2396 mea
659 2333 795 2411 mater,“
827 2352 1023 2415 quamquam
1054 2331 1137 2395 haee
1168 2328 1274 2395 verba

151 2437 221 2502 levi
244 2458 324 2501 sono
348 2438 616 2522 pronuntiantur,
640 2458 714 2502 oum
737 2438 793 2521 qui
815 2438 963 2522 loquitur
978 2437 1046 2501 iam
1063 2435 1103 2501 de
1120 2435 1273 2501 omnibus

150 2543 251 2608 rebus
267 2543 462 2628 desperarit.
493 2542 624 2607 Phorm.
650 2542 729 2609 793:
765 2565 883 2629 „paroe
900 2540 1048 2609 sodes“
1061 2543 1273 2609 familiariter

149 2651 257 2736 magis
281 2671 378 2736 quam
400 2648 550 2715 modeste
572 2656 733 2717 monetur.
769 2649 914 2737 Adelph.
938 2651 1018 2716 643:
1046 2649 1119 2732 „dio
1142 2647 1272 2714 sodes

150 2760 276 2841 pater.“
326 2755 445 2823 Confer
472 2756 538 2823 Cio.
563 2754 638 2823 Art.
663 2756 742 2838 VII,
767 2758 796 2839 3,
822 2761 856 2823 1:
880 2757 958 2823 iube
982 2755 1105 2822 sodes
1121 2775 1269 2819 nummos

152 2865 269 2929 onrari.
323 2863 445 2930 Catull.
478 2864 550 2945 103,
584 2864 619 2944 1;
655 2862 726 2928 Aut
757 2862 884 2927 sodes
917 2861 999 2925 mihi
1032 2858 1133 2924 redde
1158 2858 1271 2923 deoem

151 2971 318 3036 sestertia.
363 2970 444 3036 Hor.
469 2991 518 3056 ep.
541 2971 568 3051 I,
594 2970 622 3051 7,
649 2969 704 3035 15:
739 2988 876 3034 veseere
902 2965 1042 3032 sodes.

211 3120 213 3125 <
241 3075 276 3165 7)
298 3077 428 3144 modo.
475 3076 565 3143 Usus
588 3077 685 3141 huius
709 3069 801 3140 voois
826 3072 1036 3139 deducendus
1061 3078 1113 3139 est
1144 3095 1184 3139 ex
1207 3073 1271 3158 pri-

150 3184 257 3248 maria
280 3183 535 3269 significatione,
560 3203 633 3267 qua,
657 3180 744 3247 idom
767 3181 885 3246 valens
909 3179 996 3264 quod
1026 3186 1177 3246 nostrum
1199 3201 1272 3260 nur,

153 3310 225 3354 eam
256 3290 325 3355 vim
347 3290 460 3373 habet,
490 3295 529 3355 ut
552 3289 699 3373 aliquam
724 3309 795 3353 rem
818 3287 974 3352 cohibeat
997 3292 1032 3352 et
1055 3286 1097 3352 ab
1123 3286 1199 3352 aliis
1224 3306 1273 3351 se-

152 3395 274 3464 oludat.
326 3396 406 3463 Cum
438 3402 549 3462 autem
580 3394 708 3480 aliquid
738 3393 812 3459 fieri
842 3393 993 3459 iubemus
1025 3398 1138 3458 oetera
1162 3393 1273 3458 omnia

151 3509 359 3570 removentes
385 3511 419 3570 et
440 3506 499 3569 uni
521 3504 571 3569 rei
594 3502 806 3589 praeeipuam
829 3501 897 3565 vim
924 3500 1123 3581 tribuentes,
1147 3500 1275 3565 iussum

151 3610 259 3694 ipsum
287 3610 489 3676 intendimus
521 3611 593 3675 sive
624 3610 747 3674 aeriter
777 3614 937 3694 urgentes
961 3608 1034 3673 sive
1056 3607 1274 3692 impatienter

151 3718 358 3802 requirentes
392 3717 526 3803 aliquid.
572 3717 734 3801 Exempla
764 3714 852 3801 apud
883 3715 1076 3780 Terentium
1105 3713 1189 3779 haee
1223 3734 1274 3777 ex·

153 3829 260 3890 stant:
295 3824 417 3889 Heaut.
448 3824 529 3890 343:
567 3823 682 3908 ,Syra
715 3822 768 3888 dio
798 3823 917 3888 modo
949 3826 1100 3903 verum“;
1123 3824 1174 3888 ita
1200 3843 1275 3887 oum

153 3929 299 4015 Clitipho
322 3930 385 3995 hoo
419 3929 516 3996 dieit:
550 3930 636 3995 nihil
668 3930 760 3995 aliud
790 3930 853 4011 fao,
887 3951 984 4014 quam
1007 3928 1088 4010 dio,‘·
1112 3927 1147 3992 id
1163 3948 1275 3993 unum

153 4037 219 4102 sibi
242 4035 333 4102 oordi
358 4058 430 4102 esse
454 4036 605 4102 declarat
629 4058 731 4122 eoque
746 4038 873 4102 iussum
896 4039 1004 4102 aerius
1020 4035 1141 4101 reddit.
1167 4033 1275 4099 Simul

152 4144 364 4229 impatientia
380 4143 541 4229 quaedam
555 4145 645 4212 inest
661 4151 696 4211 et
711 4144 868 4210 voluntas
886 4149 1034 4229 apparet,
1050 4149 1089 4209 ut
1105 4136 1279 4246 extempld'
