2858 4696
573 298 577 305 ,
699 254 730 303 12

634 325 795 333 ,ι’-...-

150 429 300 514 primum,
324 426 433 512 quoad
457 433 569 493 orator
593 428 666 493 sine
689 433 782 493 motu
805 429 907 494 animi
930 429 1088 513 loquitur,
1120 427 1276 492 breviore

149 535 354 619 Imperativo
378 535 495 616 utitur,
519 535 683 619 paulatim
706 541 818 601 autem
843 536 1065 600 effervescens
1090 541 1124 601 et
1156 534 1275 600 ardore

150 639 291 725 quodam
313 645 430 725 raptus
455 663 503 721 ea,
536 662 619 725 quae
651 643 788 716 maioris
820 643 977 707 momenti
1009 647 1096 723 sunt,
1127 641 1276 727 pleniore

150 749 257 813 forma
279 746 407 812 iudices
432 747 597 813 admonet.

240 855 392 939 Denique
417 855 516 919 etiam
543 855 737 920 concessiva
754 856 806 920 vis
823 856 943 920 hunius
960 857 1084 920 formae
1103 876 1143 919 ex
1158 859 1275 919 nostra

149 962 429 1046 interpretatione
461 961 661 1026 declaratur.
715 962 766 1026 De
799 984 838 1026 ea
869 984 905 1026 re
937 963 1140 1048 Kruegerus,
1172 983 1275 1046 gram.

149 1068 209 1133 lat.
234 1068 343 1150 §464,
367 1069 486 1133 2haee
504 1067 603 1134 dicit:
627 1069 748 1133 Dieser
770 1070 854 1154 Imp.
878 1067 963 1133 wird
979 1069 1063 1133 auch
1080 1067 1275 1154 gebraucht,

150 1196 247 1239 wenn
272 1174 340 1256 der,
366 1175 510 1240 welcher
535 1181 639 1240 etwas
665 1174 806 1240 hinderu
837 1175 905 1240 und
936 1174 1111 1240 verbieteu
1138 1175 1276 1256 kdnnte,
1313 1159 1315 1162 Α

152 1286 256 1346 etwas
281 1282 443 1347 freistellt
466 1280 546 1346 oder
571 1284 644 1346 eine
664 1282 845 1347 Erlaubnis
871 1282 994 1348 erteilt.
1040 1283 1087 1346 Er
1109 1282 1156 1347 ist
1172 1281 1275 1346 durch

154 1388 326 1469 „kdnnen“
354 1388 433 1452 oder
460 1395 617 1472 „magam
645 1411 686 1452 nu
710 1388 920 1454 ubersetnen.

241 1495 367 1560 Verum
390 1496 424 1559 in
450 1518 489 1559 ea
513 1498 617 1560 forma
642 1518 700 1580 per
729 1518 763 1560 se
789 1497 958 1562 concessio
991 1518 1053 1560 non
1087 1496 1185 1574 inest,
1217 1494 1276 1559 sed

150 1602 276 1666 iussum
300 1608 368 1683 est,
386 1625 459 1667 cum
483 1604 654 1688 gravitate
679 1604 896 1681 enuntiatum,
925 1625 1008 1687 quae
1040 1602 1117 1666 iude
1150 1603 1274 1683 existit,

152 1708 238 1792 quod
254 1711 282 1772 is
308 1711 363 1793 qui
387 1710 535 1794 loquitur
560 1716 618 1775 aut
642 1711 793 1775 conscius
818 1709 883 1774 sibi
909 1715 960 1775 est
976 1711 1009 1773 in
1028 1731 1088 1773 sua
1103 1714 1272 1792 potestate

152 1836 224 1880 esse
249 1816 392 1882 alterum
416 1839 455 1881 ea
478 1816 602 1898 iubere,
628 1839 711 1902 quae
734 1817 830 1881 illum
854 1817 964 1881 facere
996 1816 1080 1897 vult,
1112 1821 1171 1880 aut
1202 1837 1275 1880 oum

151 1928 243 1988 motu
281 1924 384 1988 animi
423 1923 514 1988 dicit.
568 1923 739 1999 Quomodo
778 1929 890 1989 autem
929 1923 1011 1989 talis
1049 1925 1273 2009 Imperativus

151 2030 431 2114 significationem
455 2030 578 2096 habere
601 2037 714 2116 potest
738 2031 990 2096 concessivam?
1014 2031 1110 2106 Quod
1135 2032 1190 2115 qui
1206 2031 1274 2111 fiat,

151 2143 243 2202 recte
260 2137 505 2223 intellegemus,
522 2141 551 2203 si
568 2162 607 2204 ea
625 2139 775 2225 exempla
797 2140 1066 2223 inspexerismus,
1086 2141 1175 2204 inter
1191 2161 1274 2223 quae

154 2250 205 2309 est
229 2245 302 2309 Ter.
326 2246 409 2309 Eun.
434 2248 516 2327 5963
543 2245 619 2328 „ubi
643 2269 703 2311 nos
720 2247 910 2325 laverimus,
928 2247 956 2310 si
973 2245 1077 2324 voles,
1092 2245 1274 2325 lavato,“

152 2372 214 2435 quo
242 2351 315 2416 loco
342 2355 475 2438 proprie
509 2353 657 2419 eunucho
682 2354 879 2438 imperatur:
907 2353 1070 2434 „lavato,“
1104 2349 1139 2414 id
1163 2355 1274 2415 autem

151 2459 285 2538 iussum,
310 2482 383 2524 cum
407 2460 542 2525 additur
569 2463 617 2541 „si
641 2460 764 2539 voles,“
788 2461 837 2524 ita
861 2458 956 2523 modo
979 2458 1113 2542 exsequi
1129 2457 1273 2539 iubetur,

152 2566 182 2629 si
204 2566 269 2649 ipsi
293 2567 443 2651 placeat;
468 2590 546 2653 ergo
573 2569 722 2632 executio
747 2568 851 2651 ipsius
876 2565 1044 2630 voluntati
1072 2564 1273 2629 conceditur.

152 2672 350 2757 Plerumque
374 2681 485 2740 autem
509 2676 537 2738 is
563 2677 618 2759 qui
643 2675 790 2759 loquitur
813 2675 886 2759 ipse
915 2673 1036 2736 conicit
1069 2694 1108 2736 ex
1133 2673 1273 2737 alterius

152 2780 327 2845 voluntate
352 2803 425 2846 esse
449 2788 508 2848 aut
532 2783 562 2846 ei
579 2790 712 2868 gratum
728 2783 808 2861 fore,
832 2782 861 2845 si
879 2785 1003 2845 eertum
1021 2779 1147 2863 aliquid
1163 2781 1274 2842 faeere

152 2885 316 2966 iubeatur,
329 2893 429 2972 atque
447 2911 520 2952 eum
533 2889 702 2973 complura
716 2890 744 2952 ei
762 2889 926 2972 imperare
938 2886 1054 2970 possit,
1070 2883 1154 2947 illud
1169 2885 1274 2969 ipsum

152 2993 263 3056 facere
286 3014 359 3057 eum
379 2993 482 3059 iubet.
517 2996 573 3059 lta
589 2996 677 3059 Men.
696 2996 797 3059 1029:
815 2994 911 3075 „Mea
928 2991 1058 3076 quidem
1075 3013 1175 3055 causa
1187 2990 1275 3055 liber

153 3104 246 3164 estc
272 3105 371 3184 atque
394 3101 457 3166 ito
483 3125 545 3187 quo
569 3103 693 3184 voles,“
713 3104 768 3187 qui
793 3123 833 3166 ea
855 3099 959 3180 iubet,
985 3104 1075 3164 certe
1092 3099 1157 3164 scit
1174 3098 1274 3163 alteri

152 3212 284 3290 gratum
300 3208 371 3272 fore
386 3209 445 3289 ire,
463 3189 525 3294 quo
542 3209 627 3274 velit
640 3215 674 3274 et
690 3209 832 3273 liberum
850 3230 932 3288 esse,
950 3212 983 3272 et
1000 3228 1073 3270 cum
1090 3206 1151 3270 hoe
1168 3207 1274 3291 ipsum

153 3314 263 3377 facere
306 3336 380 3379 eum
413 3314 517 3397 iubet,
560 3316 699 3399 quodam
742 3315 837 3380 modo
882 3316 912 3378 ei
948 3311 1075 3398 aliquid
1114 3312 1275 3378 concedit.

153 3418 238 3483 Rud.
277 3423 376 3486 1148:
417 3422 540 3507 „Gripo
577 3422 707 3503 aceede,
742 3428 801 3487 tua
836 3444 889 3486 res
926 3422 1047 3506 agitur,
1089 3426 1128 3485 tu
1162 3420 1276 3504 puella

153 3524 254 3590 istinc
284 3529 399 3612 procul
435 3528 604 3610 dicit0,“
635 3535 751 3594 nostra
789 3530 922 3614 lingua:
962 3527 1069 3592 darfst
1102 3549 1167 3591 von
1201 3526 1276 3592 dort

153 3635 323 3717 sprechen.
358 3636 426 3701 Res
442 3636 492 3702 ita
508 3636 589 3721 fingi
604 3642 725 3722 potest,
747 3638 841 3721 quasi
860 3636 974 3720 puella
994 3635 1137 3699 alterum
1160 3639 1275 3699 tacens

154 3743 310 3823 oraverit,
333 3749 371 3808 ut
394 3743 461 3808 sibi
483 3743 598 3829 procul
624 3744 733 3809 dicere
757 3744 869 3823 liceat,
898 3749 932 3808 et
954 3743 1014 3806 ille
1046 3741 1108 3805 hoe
1140 3743 1171 3805 ei
1203 3764 1276 3806 con·

154 3849 252 3914 cedat
269 3850 399 3917 dicens:
423 3850 535 3917 dicito.
575 3851 654 3915 Aul.
670 3853 729 3917 55:
750 3850 926 3932 „Abscede
944 3850 1045 3914 etiam
1060 3871 1156 3930 nune,
1174 3849 1274 3913 etiam

153 3978 239 4021 nunc
263 3994 306 4003 —
323 3957 489 4022 etiamne?
506 3994 550 4003 ·—
574 3957 645 4038 ohe,
668 3959 746 4023 istic
771 3961 938 4022 astat0“
962 3957 991 4020 is
1016 3957 1070 4039 qui
1095 3954 1274 4019 abscedere

153 4063 296 4145 iubetur,
327 4071 501 4149 postquam
526 4065 728 4149 aliquotiens
760 4065 933 4143 abscessit,
968 4085 1040 4127 eum
1072 4064 1275 4147 interrogat:

155 4170 323 4238 etiamne?
348 4169 447 4260 (noch
471 4171 630 4260 weiter?)
654 4170 890 4258 quodammodo
915 4172 1011 4257 petit,
1034 4175 1073 4235 ut
1088 4192 1174 4236 nunc
1190 4172 1275 4238 satis
