<?xml version="1.0" encoding="UTF-8"?>
<!DOCTYPE html PUBLIC "-//W3C//DTD XHTML 1.0 Transitional//EN"
    "http://www.w3.org/TR/xhtml1/DTD/xhtml1-transitional.dtd">
<html xmlns="http://www.w3.org/1999/xhtml" xml:lang="en" lang="en">
 <head>
  <title>
</title>
<meta http-equiv="Content-Type" content="text/html;charset=utf-8" />
  <meta name='ocr-system' content='tesseract 3.04.00' />
  <meta name='ocr-capabilities' content='ocr_page ocr_carea ocr_par ocr_line ocrx_word'/>
</head>
<body>
  <div class='ocr_page' id='page_1' title='image "./denaturaatqueus00stahgoog_0020.png"; bbox 0 0 2916 4696; ppageno 0'>
   <div class='ocr_carea' id='block_1_1' title="bbox 738 267 769 315">
    <p class='ocr_par' dir='ltr' id='par_1_1' title="bbox 738 267 769 315">
     <span class='ocr_line' id='line_1_1' title="bbox 738 267 769 315; baseline 0.032 -1"><span class='ocrx_word' id='word_1_1' title='bbox 738 267 769 315; x_wconf 79' lang='lat'>15</span> 
     </span>
    </p>
   </div>
   <div class='ocr_carea' id='block_1_2' title="bbox 672 337 832 345">
    <p class='ocr_par' dir='ltr' id='par_1_2' title="bbox 672 337 832 345">
     <span class='ocr_line' id='line_1_2' title="bbox 672 337 832 345; baseline -0.006 0"><span class='ocrx_word' id='word_1_2' title='bbox 672 337 832 345; x_wconf 83' lang='lat'>—-————</span> 
     </span>
    </p>
   </div>
   <div class='ocr_carea' id='block_1_3' title="bbox 53 431 1414 4270">
    <p class='ocr_par' dir='ltr' id='par_1_3' title="bbox 53 431 1313 527">
     <span class='ocr_line' id='line_1_3' title="bbox 53 431 1313 527; baseline -0.005 -16"><span class='ocrx_word' id='word_1_3' title='bbox 53 431 56 436; x_wconf 39' lang='lat'><em>¹</em></span> <span class='ocrx_word' id='word_1_4' title='bbox 186 442 275 511; x_wconf 90' lang='lat' dir='ltr'>And.</span> <span class='ocrx_word' id='word_1_5' title='bbox 298 444 358 509; x_wconf 79' lang='lat'>28:</span> <span class='ocrx_word' id='word_1_6' title='bbox 387 442 576 523; x_wconf 80' lang='lat' dir='ltr'>auferte,</span> <span class='ocrx_word' id='word_1_7' title='bbox 601 441 730 507; x_wconf 87' lang='lat' dir='ltr'>abite.</span> <span class='ocrx_word' id='word_1_8' title='bbox 776 441 821 507; x_wconf 91' lang='lat' dir='ltr'>ib.</span> <span class='ocrx_word' id='word_1_9' title='bbox 848 441 926 505; x_wconf 83' lang='lat'>171:</span> <span class='ocrx_word' id='word_1_10' title='bbox 958 441 1108 527; x_wconf 80' lang='lat' dir='ltr'><strong>iprae.</strong></span> <span class='ocrx_word' id='word_1_11' title='bbox 1152 440 1313 506; x_wconf 80' lang='lat' dir='ltr'><strong>1b.455:</strong></span> 
     </span>
    </p>

    <p class='ocr_par' dir='ltr' id='par_1_4' title="bbox 79 547 1313 634">
     <span class='ocr_line' id='line_1_4' title="bbox 79 547 1313 634; baseline -0.005 -16"><span class='ocrx_word' id='word_1_12' title='bbox 79 613 81 618; x_wconf 90' lang='lat'><em>.</em></span> <span class='ocrx_word' id='word_1_13' title='bbox 186 557 293 618; x_wconf 88' lang='lat' dir='ltr'>tace.</span> <span class='ocrx_word' id='word_1_14' title='bbox 339 550 421 616; x_wconf 90' lang='lat' dir='ltr'>Hcc.</span> <span class='ocrx_word' id='word_1_15' title='bbox 439 550 519 614; x_wconf 80' lang='lat'><strong>729:</strong></span> <span class='ocrx_word' id='word_1_16' title='bbox 545 549 606 614; x_wconf 92' lang='lat' dir='ltr'>eho</span> <span class='ocrx_word' id='word_1_17' title='bbox 626 571 707 634; x_wconf 90' lang='lat' dir='ltr'>puer</span> <span class='ocrx_word' id='word_1_18' title='bbox 732 570 854 614; x_wconf 88' lang='lat' dir='ltr'>curre</span> <span class='ocrx_word' id='word_1_19' title='bbox 874 547 917 613; x_wconf 87' lang='lat' dir='ltr'>ad</span> <span class='ocrx_word' id='word_1_20' title='bbox 933 547 1142 613; x_wconf 88' lang='lat' dir='ltr'>Bacchidem.</span> <span class='ocrx_word' id='word_1_21' title='bbox 1181 548 1313 613; x_wconf 87' lang='lat' dir='ltr'>Phorm.</span> 
     </span>
    </p>

    <p class='ocr_par' dir='ltr' id='par_1_5' title="bbox 179 653 1312 740">
     <span class='ocr_line' id='line_1_5' title="bbox 179 653 1312 740; baseline -0.005 -14"><span class='ocrx_word' id='word_1_22' title='bbox 179 657 268 729; x_wconf 77' lang='lat'>195:</span> <span class='ocrx_word' id='word_1_23' title='bbox 301 663 371 723; x_wconf 91' lang='lat' dir='ltr'>sta</span> <span class='ocrx_word' id='word_1_24' title='bbox 401 657 504 722; x_wconf 90' lang='lat' dir='ltr'>illico.</span> <span class='ocrx_word' id='word_1_25' title='bbox 556 653 621 722; x_wconf 88' lang='lat' dir='ltr'>Ad.</span> <span class='ocrx_word' id='word_1_26' title='bbox 655 656 734 720; x_wconf 82' lang='lat'>167:</span> <span class='ocrx_word' id='word_1_27' title='bbox 771 655 843 721; x_wconf 86' lang='lat' dir='ltr'>abi</span> <span class='ocrx_word' id='word_1_28' title='bbox 873 677 953 740; x_wconf 89' lang='lat' dir='ltr'>prae</span> <span class='ocrx_word' id='word_1_29' title='bbox 986 662 1120 721; x_wconf 90' lang='lat' dir='ltr'>strenue</span> <span class='ocrx_word' id='word_1_30' title='bbox 1154 677 1192 720; x_wconf 89' lang='grc'>10</span> <span class='ocrx_word' id='word_1_31' title='bbox 1224 656 1312 720; x_wconf 84' lang='grc'>10111</span> 
     </span>
    </p>

    <p class='ocr_par' dir='ltr' id='par_1_6' title="bbox 187 761 1313 851">
     <span class='ocr_line' id='line_1_6' title="bbox 187 761 1313 851; baseline -0.004 -19"><span class='ocrx_word' id='word_1_32' title='bbox 187 766 315 851; x_wconf 89' lang='lat' dir='ltr'>aperi.</span> <span class='ocrx_word' id='word_1_33' title='bbox 368 764 473 829; x_wconf 88' lang='lat' dir='ltr'>Porro</span> <span class='ocrx_word' id='word_1_34' title='bbox 511 764 575 829; x_wconf 90' lang='lat' dir='ltr'>huc</span> <span class='ocrx_word' id='word_1_35' title='bbox 607 763 794 848; x_wconf 78' lang='lat' dir='ltr'>pertinent:</span> <span class='ocrx_word' id='word_1_36' title='bbox 834 762 918 828; x_wconf 84' lang='lat' dir='ltr'>Eun.</span> <span class='ocrx_word' id='word_1_37' title='bbox 955 763 1020 827; x_wconf 79' lang='lat'>472</span> <span class='ocrx_word' id='word_1_38' title='bbox 1052 761 1210 828; x_wconf 88' lang='lat' dir='ltr'>accede</span> <span class='ocrx_word' id='word_1_39' title='bbox 1240 763 1313 828; x_wconf 92' lang='lat' dir='ltr'>huc.</span> 
     </span>
    </p>

    <p class='ocr_par' dir='ltr' id='par_1_7' title="bbox 186 870 1313 955">
     <span class='ocr_line' id='line_1_7' title="bbox 186 870 1313 955; baseline -0.001 -19"><span class='ocrx_word' id='word_1_40' title='bbox 186 871 232 937; x_wconf 89' lang='lat' dir='ltr'>ib.</span> <span class='ocrx_word' id='word_1_41' title='bbox 262 872 344 938; x_wconf 81' lang='lat'><strong>489:</strong></span> <span class='ocrx_word' id='word_1_42' title='bbox 375 877 474 946; x_wconf 87' lang='lat' dir='ltr'>tace</span> <span class='ocrx_word' id='word_1_43' title='bbox 504 876 551 952; x_wconf 68' lang='lat' dir='ltr'>eu,</span> <span class='ocrx_word' id='word_1_44' title='bbox 581 891 680 955; x_wconf 85' lang='lat' dir='ltr'>quem</span> <span class='ocrx_word' id='word_1_45' title='bbox 713 892 774 955; x_wconf 89' lang='lat' dir='ltr'>ego</span> <span class='ocrx_word' id='word_1_46' title='bbox 805 870 895 934; x_wconf 87' lang='lat' dir='ltr'>infra</span> <span class='ocrx_word' id='word_1_47' title='bbox 930 891 1003 934; x_wconf 87' lang='lat' dir='ltr'>esse</span> <span class='ocrx_word' id='word_1_48' title='bbox 1032 870 1175 934; x_wconf 87' lang='lat' dir='ltr'>infumos</span> <span class='ocrx_word' id='word_1_49' title='bbox 1208 871 1313 935; x_wconf 90' lang='lat' dir='ltr'>omnis</span> 
     </span>
    </p>

    <p class='ocr_par' dir='ltr' id='par_1_8' title="bbox 128 976 1314 1170">
     <span class='ocr_line' id='line_1_8' title="bbox 128 976 1314 1067; baseline -0.004 -22"><span class='ocrx_word' id='word_1_50' title='bbox 128 985 130 989; x_wconf 82' lang='lat'>&#39;</span> <span class='ocrx_word' id='word_1_51' title='bbox 185 985 276 1064; x_wconf 93' lang='lat' dir='ltr'>puto.</span> <span class='ocrx_word' id='word_1_52' title='bbox 334 978 466 1043; x_wconf 88' lang='lat' dir='ltr'>Phorm.</span> <span class='ocrx_word' id='word_1_53' title='bbox 519 977 602 1045; x_wconf 75' lang='lat'>559:</span> <span class='ocrx_word' id='word_1_54' title='bbox 651 977 774 1042; x_wconf 89' lang='lat' dir='ltr'>aufer</span> <span class='ocrx_word' id='word_1_55' title='bbox 815 982 851 1041; x_wconf 89' lang='lat' dir='ltr'>te</span> <span class='ocrx_word' id='word_1_56' title='bbox 894 977 980 1041; x_wconf 89' lang='lat' dir='ltr'>hinc.</span> <span class='ocrx_word' id='word_1_57' title='bbox 1037 976 1082 1041; x_wconf 91' lang='lat' dir='ltr'>ib.</span> <span class='ocrx_word' id='word_1_58' title='bbox 1126 976 1207 1041; x_wconf 81' lang='lat'>255:</span> <span class='ocrx_word' id='word_1_59' title='bbox 1229 976 1314 1067; x_wconf 30' lang='lat' dir='ltr'>‘hoc</span> 
     </span>
     <span class='ocr_line' id='line_1_9' title="bbox 187 1084 519 1170; baseline -0.003 -20"><span class='ocrx_word' id='word_1_60' title='bbox 187 1084 404 1170; x_wconf 83' lang='lat' dir='ltr'>responde</span> <span class='ocrx_word' id='word_1_61' title='bbox 426 1085 519 1149; x_wconf 90' lang='lat' dir='ltr'>mihi.</span> 
     </span>
    </p>

    <p class='ocr_par' dir='ltr' id='par_1_9' title="bbox 188 1190 1414 2133">
     <span class='ocr_line' id='line_1_10' title="bbox 278 1190 1313 1277; baseline -0.004 -19"><span class='ocrx_word' id='word_1_62' title='bbox 278 1191 386 1277; x_wconf 84' lang='lat' dir='ltr'>Saepe</span> <span class='ocrx_word' id='word_1_63' title='bbox 410 1198 521 1257; x_wconf 90' lang='lat' dir='ltr'>autem</span> <span class='ocrx_word' id='word_1_64' title='bbox 545 1192 597 1256; x_wconf 89' lang='lat' dir='ltr'>vis</span> <span class='ocrx_word' id='word_1_65' title='bbox 621 1192 747 1256; x_wconf 85' lang='lat' dir='ltr'>Iussivi</span> <span class='ocrx_word' id='word_1_66' title='bbox 770 1192 821 1256; x_wconf 87' lang='lat' dir='ltr'>ita</span> <span class='ocrx_word' id='word_1_67' title='bbox 842 1192 972 1255; x_wconf 87' lang='lat' dir='ltr'>minuta</span> <span class='ocrx_word' id='word_1_68' title='bbox 997 1195 1057 1271; x_wconf 83' lang='lat' dir='ltr'>est,</span> <span class='ocrx_word' id='word_1_69' title='bbox 1082 1195 1119 1255; x_wconf 91' lang='lat' dir='ltr'>ut</span> <span class='ocrx_word' id='word_1_70' title='bbox 1138 1212 1217 1255; x_wconf 91' lang='lat' dir='ltr'>usus</span> <span class='ocrx_word' id='word_1_71' title='bbox 1243 1190 1313 1254; x_wconf 90' lang='lat' dir='ltr'>cius</span> 
     </span>
     <span class='ocr_line' id='line_1_11' title="bbox 188 1297 1314 1383; baseline -0.002 -21"><span class='ocrx_word' id='word_1_72' title='bbox 188 1300 355 1383; x_wconf 87' lang='lat' dir='ltr'>rogationi</span> <span class='ocrx_word' id='word_1_73' title='bbox 386 1297 475 1363; x_wconf 91' lang='lat' dir='ltr'>haud</span> <span class='ocrx_word' id='word_1_74' title='bbox 508 1298 683 1364; x_wconf 89' lang='lat' dir='ltr'>dissimilis</span> <span class='ocrx_word' id='word_1_75' title='bbox 715 1299 778 1377; x_wconf 82' lang='lat' dir='ltr'>sit3</span> <span class='ocrx_word' id='word_1_76' title='bbox 820 1298 900 1363; x_wconf 87' lang='lat' dir='ltr'>talis</span> <span class='ocrx_word' id='word_1_77' title='bbox 940 1303 1051 1363; x_wconf 84' lang='lat' dir='ltr'>autem</span> <span class='ocrx_word' id='word_1_78' title='bbox 1078 1298 1212 1381; x_wconf 85' lang='lat' dir='ltr'>rogatio</span> <span class='ocrx_word' id='word_1_79' title='bbox 1242 1298 1314 1361; x_wconf 90' lang='lat' dir='ltr'>sine</span> 
     </span>
     <span class='ocr_line' id='line_1_12' title="bbox 189 1400 1414 1490; baseline -0.002 -20"><span class='ocrx_word' id='word_1_80' title='bbox 189 1406 259 1471; x_wconf 88' lang='lat' dir='ltr'>ulla</span> <span class='ocrx_word' id='word_1_81' title='bbox 275 1405 503 1474; x_wconf 89' lang='lat' dir='ltr'>sollicitudine</span> <span class='ocrx_word' id='word_1_82' title='bbox 519 1407 765 1490; x_wconf 82' lang='lat' dir='ltr'>pronuntiatur,</span> <span class='ocrx_word' id='word_1_83' title='bbox 785 1406 820 1469; x_wconf 92' lang='lat' dir='ltr'>in</span> <span class='ocrx_word' id='word_1_84' title='bbox 836 1405 1041 1489; x_wconf 88' lang='lat' dir='ltr'>Imperativo</span> <span class='ocrx_word' id='word_1_85' title='bbox 1059 1426 1138 1469; x_wconf 90' lang='lat' dir='ltr'>vero</span> <span class='ocrx_word' id='word_1_86' title='bbox 1155 1405 1314 1488; x_wconf 84' lang='lat' dir='ltr'>maiorem</span> <span class='ocrx_word' id='word_1_87' title='bbox 1412 1400 1414 1410; x_wconf 45' lang='lat'><em>¹</em></span> 
     </span>
     <span class='ocr_line' id='line_1_13' title="bbox 188 1510 1314 1596; baseline -0.002 -19"><span class='ocrx_word' id='word_1_88' title='bbox 188 1515 257 1578; x_wconf 90' lang='lat' dir='ltr'>vim</span> <span class='ocrx_word' id='word_1_89' title='bbox 271 1515 382 1578; x_wconf 90' lang='lat' dir='ltr'>inesse</span> <span class='ocrx_word' id='word_1_90' title='bbox 398 1512 595 1577; x_wconf 87' lang='lat' dir='ltr'>videbimus.</span> <span class='ocrx_word' id='word_1_91' title='bbox 630 1513 686 1577; x_wconf 88' lang='lat' dir='ltr'>Ita</span> <span class='ocrx_word' id='word_1_92' title='bbox 701 1512 736 1575; x_wconf 91' lang='lat' dir='ltr'>in</span> <span class='ocrx_word' id='word_1_93' title='bbox 752 1511 901 1596; x_wconf 86' lang='lat' dir='ltr'>prologis</span> <span class='ocrx_word' id='word_1_94' title='bbox 926 1510 1116 1576; x_wconf 84' lang='lat' dir='ltr'>fabularum</span> <span class='ocrx_word' id='word_1_95' title='bbox 1136 1512 1314 1576; x_wconf 82' lang='lat' dir='ltr'>Terentius</span> 
     </span>
     <span class='ocr_line' id='line_1_14' title="bbox 189 1617 1315 1704; baseline -0.002 -19"><span class='ocrx_word' id='word_1_96' title='bbox 189 1642 229 1685; x_wconf 87' lang='lat' dir='ltr'>ea</span> <span class='ocrx_word' id='word_1_97' title='bbox 259 1620 365 1684; x_wconf 86' lang='lat' dir='ltr'>forma</span> <span class='ocrx_word' id='word_1_98' title='bbox 398 1620 514 1700; x_wconf 83' lang='lat' dir='ltr'>utitur,</span> <span class='ocrx_word' id='word_1_99' title='bbox 552 1641 626 1684; x_wconf 91' lang='lat' dir='ltr'>cum</span> <span class='ocrx_word' id='word_1_100' title='bbox 652 1623 873 1703; x_wconf 77' lang='lat' dir='ltr'>&#39;spectatores</span> <span class='ocrx_word' id='word_1_101' title='bbox 914 1619 1045 1704; x_wconf 88' lang='lat' dir='ltr'>gratiae</span> <span class='ocrx_word' id='word_1_102' title='bbox 1085 1617 1315 1683; x_wconf 76' lang='lat' dir='ltr'>conciliandae</span> 
     </span>
     <span class='ocr_line' id='line_1_15' title="bbox 188 1725 1312 1815; baseline -0.002 -23"><span class='ocrx_word' id='word_1_103' title='bbox 188 1749 289 1792; x_wconf 87' lang='lat' dir='ltr'>causa</span> <span class='ocrx_word' id='word_1_104' title='bbox 305 1726 510 1812; x_wconf 90' lang='lat' dir='ltr'>adloquitur:</span> <span class='ocrx_word' id='word_1_105' title='bbox 536 1725 624 1815; x_wconf 85' lang='lat' dir='ltr'>And.</span> <span class='ocrx_word' id='word_1_106' title='bbox 641 1728 700 1813; x_wconf 72' lang='lat'>24:</span> <span class='ocrx_word' id='word_1_107' title='bbox 717 1727 789 1790; x_wconf 81' lang='lat' dir='ltr'>sav</span> <span class='ocrx_word' id='word_1_108' title='bbox 800 1748 816 1790; x_wconf 92' lang='lat' dir='ltr'>e</span> <span class='ocrx_word' id='word_1_109' title='bbox 829 1731 880 1807; x_wconf 87' lang='lat' dir='ltr'>te,</span> <span class='ocrx_word' id='word_1_110' title='bbox 898 1725 1050 1791; x_wconf 85' lang='lat' dir='ltr'>adeste</span> <span class='ocrx_word' id='word_1_111' title='bbox 1075 1747 1179 1810; x_wconf 88' lang='lat' dir='ltr'>aequo</span> <span class='ocrx_word' id='word_1_112' title='bbox 1204 1727 1312 1790; x_wconf 88' lang='lat' dir='ltr'>animo</span> 
     </span>
     <span class='ocr_line' id='line_1_16' title="bbox 191 1833 1314 1927; baseline -0.001 -29"><span class='ocrx_word' id='word_1_113' title='bbox 191 1840 226 1898; x_wconf 92' lang='lat' dir='ltr'>et</span> <span class='ocrx_word' id='word_1_114' title='bbox 248 1855 318 1898; x_wconf 86' lang='lat' dir='ltr'>rem</span> <span class='ocrx_word' id='word_1_115' title='bbox 342 1837 542 1920; x_wconf 86' lang='lat' dir='ltr'>cognoscite.</span> <span class='ocrx_word' id='word_1_116' title='bbox 589 1834 712 1927; x_wconf 67' lang='lat' dir='ltr'>Heant.</span> <span class='ocrx_word' id='word_1_117' title='bbox 737 1833 795 1898; x_wconf 84' lang='lat'>51:</span> <span class='ocrx_word' id='word_1_118' title='bbox 828 1833 1024 1918; x_wconf 87' lang='lat' dir='ltr'>Exemplum</span> <span class='ocrx_word' id='word_1_119' title='bbox 1056 1834 1255 1898; x_wconf 84' lang='lat' dir='ltr'>statuite</span> <span class='ocrx_word' id='word_1_120' title='bbox 1280 1833 1314 1897; x_wconf 93' lang='lat' dir='ltr'>in</span> 
     </span>
     <span class='ocr_line' id='line_1_17' title="bbox 189 1940 1314 2025; baseline -0.002 -21"><span class='ocrx_word' id='word_1_121' title='bbox 189 1962 251 2005; x_wconf 88' lang='lat' dir='ltr'>me.</span> <span class='ocrx_word' id='word_1_122' title='bbox 296 1941 380 2005; x_wconf 83' lang='lat' dir='ltr'>Eun.</span> <span class='ocrx_word' id='word_1_123' title='bbox 403 1942 463 2006; x_wconf 86' lang='lat'>44:</span> <span class='ocrx_word' id='word_1_124' title='bbox 488 1940 589 2006; x_wconf 90' lang='lat' dir='ltr'>date</span> <span class='ocrx_word' id='word_1_125' title='bbox 605 1942 748 2025; x_wconf 71' lang='lat' dir='ltr'>operam;</span> <span class='ocrx_word' id='word_1_126' title='bbox 773 1962 846 2004; x_wconf 89' lang='lat' dir='ltr'>cum</span> <span class='ocrx_word' id='word_1_127' title='bbox 863 1940 998 2004; x_wconf 87' lang='lat' dir='ltr'>silentio</span> <span class='ocrx_word' id='word_1_128' title='bbox 1016 1941 1160 2003; x_wconf 89' lang='lat' dir='ltr'>animum</span> <span class='ocrx_word' id='word_1_129' title='bbox 1176 1943 1314 2003; x_wconf 90' lang='lat' dir='ltr'>atten-</span> 
     </span>
     <span class='ocr_line' id='line_1_18' title="bbox 191 2043 1315 2133; baseline -0.001 -22"><span class='ocrx_word' id='word_1_130' title='bbox 191 2046 292 2112; x_wconf 86' lang='lat' dir='ltr'>dite.</span> <span class='ocrx_word' id='word_1_131' title='bbox 331 2049 498 2133; x_wconf 85' lang='lat' dir='ltr'>Imprimis</span> <span class='ocrx_word' id='word_1_132' title='bbox 518 2049 650 2129; x_wconf 85' lang='lat' dir='ltr'>„sine“</span> <span class='ocrx_word' id='word_1_133' title='bbox 668 2047 723 2111; x_wconf 87' lang='lat' dir='ltr'>vel</span> <span class='ocrx_word' id='word_1_134' title='bbox 740 2047 917 2127; x_wconf 71' lang='grc' dir='ltr'>,111111ιι</span> <span class='ocrx_word' id='word_1_135' title='bbox 933 2047 984 2110; x_wconf 88' lang='lat' dir='ltr'>ita</span> <span class='ocrx_word' id='word_1_136' title='bbox 1008 2044 1201 2110; x_wconf 85' lang='lat' dir='ltr'>adhibetur:</span> <span class='ocrx_word' id='word_1_137' title='bbox 1226 2043 1315 2110; x_wconf 85' lang='lat' dir='ltr'>And.</span> 
     </span>
    </p>

    <p class='ocr_par' dir='ltr' id='par_1_10' title="bbox 101 2151 1405 2560">
     <span class='ocr_line' id='line_1_19' title="bbox 101 2151 1314 2256; baseline -0.003 -36"><span class='ocrx_word' id='word_1_138' title='bbox 101 2156 156 2245; x_wconf 64' lang='grc'>151</span> <span class='ocrx_word' id='word_1_139' title='bbox 193 2155 272 2256; x_wconf 48' lang='lat' dir='ltr'>ld}</span> <span class='ocrx_word' id='word_1_140' title='bbox 303 2154 375 2218; x_wconf 89' lang='lat' dir='ltr'>sine</span> <span class='ocrx_word' id='word_1_141' title='bbox 407 2176 493 2219; x_wconf 90' lang='lat' dir='ltr'>nunc</span> <span class='ocrx_word' id='word_1_142' title='bbox 524 2174 595 2217; x_wconf 92' lang='lat' dir='ltr'>meo</span> <span class='ocrx_word' id='word_1_143' title='bbox 627 2175 680 2217; x_wconf 92' lang='lat' dir='ltr'>me</span> <span class='ocrx_word' id='word_1_144' title='bbox 710 2154 826 2220; x_wconf 88' lang='lat' dir='ltr'>vivere</span> <span class='ocrx_word' id='word_1_145' title='bbox 857 2154 987 2217; x_wconf 89' lang='lat' dir='ltr'>interea</span> <span class='ocrx_word' id='word_1_146' title='bbox 1017 2151 1132 2232; x_wconf 88' lang='lat' dir='ltr'>mod0;</span> <span class='ocrx_word' id='word_1_147' title='bbox 1164 2151 1209 2216; x_wconf 90' lang='lat' dir='ltr'>ib.</span> <span class='ocrx_word' id='word_1_148' title='bbox 1234 2153 1314 2216; x_wconf 81' lang='lat'>622:</span> 
     </span>
     <span class='ocr_line' id='line_1_20' title="bbox 193 2257 1314 2347; baseline -0.001 -21"><span class='ocrx_word' id='word_1_149' title='bbox 193 2259 259 2326; x_wconf 87' lang='lat' dir='ltr'>Sed</span> <span class='ocrx_word' id='word_1_150' title='bbox 291 2262 362 2326; x_wconf 88' lang='lat' dir='ltr'>sine</span> <span class='ocrx_word' id='word_1_151' title='bbox 402 2260 574 2347; x_wconf 88' lang='lat' dir='ltr'>paululum</span> <span class='ocrx_word' id='word_1_152' title='bbox 614 2260 656 2325; x_wconf 89' lang='lat' dir='ltr'>ad</span> <span class='ocrx_word' id='word_1_153' title='bbox 690 2283 742 2325; x_wconf 91' lang='lat' dir='ltr'>me</span> <span class='ocrx_word' id='word_1_154' title='bbox 772 2260 922 2340; x_wconf 80' lang='lat' dir='ltr'>redeam3</span> <span class='ocrx_word' id='word_1_155' title='bbox 953 2259 998 2324; x_wconf 88' lang='lat' dir='ltr'>ib.</span> <span class='ocrx_word' id='word_1_156' title='bbox 1030 2259 1096 2324; x_wconf 84' lang='lat'>900</span> <span class='ocrx_word' id='word_1_157' title='bbox 1126 2260 1201 2326; x_wconf 78' lang='lat' dir='ltr'>Pa:</span> <span class='ocrx_word' id='word_1_158' title='bbox 1235 2257 1314 2325; x_wconf 87' lang='lat' dir='ltr'>Sine</span> 
     </span>
     <span class='ocr_line' id='line_1_21' title="bbox 193 2360 1405 2454; baseline 0 -23"><span class='ocrx_word' id='word_1_159' title='bbox 193 2388 246 2432; x_wconf 89' lang='lat' dir='ltr'>me</span> <span class='ocrx_word' id='word_1_160' title='bbox 281 2388 460 2454; x_wconf 84' lang='lat' dir='ltr'>expurgem</span> <span class='ocrx_word' id='word_1_161' title='bbox 502 2373 601 2452; x_wconf 87' lang='lat' dir='ltr'>atquc</span> <span class='ocrx_word' id='word_1_162' title='bbox 638 2360 744 2434; x_wconf 62' lang='lat' dir='ltr'>illum,</span> <span class='ocrx_word' id='word_1_163' title='bbox 772 2367 854 2432; x_wconf 88' lang='lat' dir='ltr'>haec</span> <span class='ocrx_word' id='word_1_164' title='bbox 894 2389 1004 2432; x_wconf 89' lang='lat' dir='ltr'>coram</span> <span class='ocrx_word' id='word_1_165' title='bbox 1043 2365 1212 2431; x_wconf 87' lang='lat' dir='ltr'>adducam.</span> <span class='ocrx_word' id='word_1_166' title='bbox 1260 2364 1314 2431; x_wconf 87' lang='lat' dir='ltr'>Si:</span> <span class='ocrx_word' id='word_1_167' title='bbox 1402 2390 1405 2395; x_wconf 87' lang='lat'>·</span> 
     </span>
     <span class='ocr_line' id='line_1_22' title="bbox 194 2472 1315 2560; baseline -0.001 -21"><span class='ocrx_word' id='word_1_168' title='bbox 194 2472 377 2540; x_wconf 77' lang='lat' dir='ltr'>Adducas&#39;?</span> <span class='ocrx_word' id='word_1_169' title='bbox 401 2477 475 2541; x_wconf 85' lang='lat' dir='ltr'>Pa:</span> <span class='ocrx_word' id='word_1_170' title='bbox 501 2473 580 2540; x_wconf 83' lang='lat' dir='ltr'>Sine</span> <span class='ocrx_word' id='word_1_171' title='bbox 603 2479 709 2560; x_wconf 90' lang='lat' dir='ltr'>pater.</span> <span class='ocrx_word' id='word_1_172' title='bbox 755 2474 835 2539; x_wconf 86' lang='lat' dir='ltr'>Hec.</span> <span class='ocrx_word' id='word_1_173' title='bbox 852 2475 910 2540; x_wconf 79' lang='lat'>52:</span> <span class='ocrx_word' id='word_1_174' title='bbox 935 2475 1036 2539; x_wconf 89' lang='lat' dir='ltr'>sinite</span> <span class='ocrx_word' id='word_1_175' title='bbox 1056 2474 1236 2557; x_wconf 86' lang='lat' dir='ltr'>impetrare</span> <span class='ocrx_word' id='word_1_176' title='bbox 1251 2495 1315 2538; x_wconf 91' lang='lat' dir='ltr'>me.</span> 
     </span>
    </p>

    <p class='ocr_par' dir='ltr' id='par_1_11' title="bbox 191 2580 1316 3201">
     <span class='ocr_line' id='line_1_23' title="bbox 283 2580 1315 2666; baseline 0.002 -22"><span class='ocrx_word' id='word_1_177' title='bbox 283 2582 386 2645; x_wconf 91' lang='lat' dir='ltr'>Porro</span> <span class='ocrx_word' id='word_1_178' title='bbox 434 2581 628 2646; x_wconf 84' lang='lat' dir='ltr'>Terentium</span> <span class='ocrx_word' id='word_1_179' title='bbox 675 2581 859 2666; x_wconf 86' lang='lat' dir='ltr'>complures</span> <span class='ocrx_word' id='word_1_180' title='bbox 905 2581 1056 2646; x_wconf 88' lang='lat' dir='ltr'>Iussivos</span> <span class='ocrx_word' id='word_1_181' title='bbox 1103 2580 1315 2662; x_wconf 87' lang='lat' dir='ltr'>asynthetice</span> 
     </span>
     <span class='ocr_line' id='line_1_24' title="bbox 197 2685 1315 2772; baseline -0.001 -21"><span class='ocrx_word' id='word_1_182' title='bbox 197 2689 412 2768; x_wconf 82' lang='lat' dir='ltr'>coniunxisse,</span> <span class='ocrx_word' id='word_1_183' title='bbox 437 2709 535 2772; x_wconf 88' lang='lat' dir='ltr'>saepe</span> <span class='ocrx_word' id='word_1_184' title='bbox 560 2689 662 2753; x_wconf 89' lang='lat' dir='ltr'>etiam</span> <span class='ocrx_word' id='word_1_185' title='bbox 686 2689 871 2753; x_wconf 87' lang='lat' dir='ltr'>cumulasse</span> <span class='ocrx_word' id='word_1_186' title='bbox 887 2688 1047 2753; x_wconf 85' lang='lat' dir='ltr'>videmus.</span> <span class='ocrx_word' id='word_1_187' title='bbox 1094 2685 1315 2761; x_wconf 74' lang='grc'>1111101111-</span> 
     </span>
     <span class='ocr_line' id='line_1_25' title="bbox 192 2792 1316 2880; baseline 0.002 -24"><span class='ocrx_word' id='word_1_188' title='bbox 192 2793 275 2860; x_wconf 88' lang='lat' dir='ltr'>latio</span> <span class='ocrx_word' id='word_1_189' title='bbox 298 2794 357 2859; x_wconf 88' lang='lat' dir='ltr'>ubi</span> <span class='ocrx_word' id='word_1_190' title='bbox 379 2795 455 2860; x_wconf 90' lang='lat' dir='ltr'>usui</span> <span class='ocrx_word' id='word_1_191' title='bbox 480 2801 540 2876; x_wconf 80' lang='lat' dir='ltr'>est,</span> <span class='ocrx_word' id='word_1_192' title='bbox 564 2817 686 2880; x_wconf 89' lang='lat' dir='ltr'>magna</span> <span class='ocrx_word' id='word_1_193' title='bbox 710 2817 784 2860; x_wconf 92' lang='lat' dir='ltr'>cum</span> <span class='ocrx_word' id='word_1_194' title='bbox 806 2795 1023 2860; x_wconf 87' lang='lat' dir='ltr'>festinatione</span> <span class='ocrx_word' id='word_1_195' title='bbox 1047 2815 1088 2858; x_wconf 88' lang='lat' dir='ltr'>ex</span> <span class='ocrx_word' id='word_1_196' title='bbox 1111 2792 1316 2875; x_wconf 84' lang='lat' dir='ltr'>condicione,</span> 
     </span>
     <span class='ocr_line' id='line_1_26' title="bbox 193 2900 1314 2988; baseline 0 -22"><span class='ocrx_word' id='word_1_197' title='bbox 193 2922 257 2985; x_wconf 91' lang='lat' dir='ltr'>qua</span> <span class='ocrx_word' id='word_1_198' title='bbox 279 2901 386 2967; x_wconf 88' lang='lat' dir='ltr'>verba</span> <span class='ocrx_word' id='word_1_199' title='bbox 408 2900 502 2985; x_wconf 83' lang='lat' dir='ltr'>fiunt,</span> <span class='ocrx_word' id='word_1_200' title='bbox 526 2908 601 2968; x_wconf 90' lang='lat' dir='ltr'>orta</span> <span class='ocrx_word' id='word_1_201' title='bbox 632 2901 759 2987; x_wconf 91' lang='lat' dir='ltr'>aliquid</span> <span class='ocrx_word' id='word_1_202' title='bbox 783 2902 927 2967; x_wconf 87' lang='lat' dir='ltr'>iubetur.</span> <span class='ocrx_word' id='word_1_203' title='bbox 972 2901 1056 2966; x_wconf 91' lang='lat' dir='ltr'>Dico</span> <span class='ocrx_word' id='word_1_204' title='bbox 1090 2922 1130 2966; x_wconf 89' lang='grc'>11</span> <span class='ocrx_word' id='word_1_205' title='bbox 1154 2901 1314 2988; x_wconf 84' lang='lat' dir='ltr'>exempla,</span> 
     </span>
     <span class='ocr_line' id='line_1_27' title="bbox 191 3006 1315 3094; baseline 0.002 -24"><span class='ocrx_word' id='word_1_206' title='bbox 191 3006 424 3090; x_wconf 74' lang='lat' dir='ltr'>qualiathnd.</span> <span class='ocrx_word' id='word_1_207' title='bbox 442 3009 522 3073; x_wconf 82' lang='lat'><strong>334:</strong></span> <span class='ocrx_word' id='word_1_208' title='bbox 547 3010 706 3090; x_wconf 80' lang='lat' dir='ltr'>„facite</span> <span class='ocrx_word' id='word_1_209' title='bbox 731 3009 1114 3094; x_wconf 85' lang='lat' dir='ltr'>fingiteinvenite</span> <span class='ocrx_word' id='word_1_210' title='bbox 1132 3009 1315 3072; x_wconf 86' lang='lat' dir='ltr'>efficite</span> 
     </span>
     <span class='ocr_line' id='line_1_28' title="bbox 191 3113 1315 3201; baseline 0.002 -24"><span class='ocrx_word' id='word_1_211' title='bbox 191 3114 247 3197; x_wconf 93' lang='lat' dir='ltr'>qui</span> <span class='ocrx_word' id='word_1_212' title='bbox 271 3113 369 3179; x_wconf 89' lang='lat' dir='ltr'>detur</span> <span class='ocrx_word' id='word_1_213' title='bbox 392 3113 476 3181; x_wconf 60' lang='grc' dir='ltr'>11111ιι</span> <span class='ocrx_word' id='word_1_214' title='bbox 500 3137 584 3200; x_wconf 89' lang='lat' dir='ltr'>quae</span> <span class='ocrx_word' id='word_1_215' title='bbox 607 3116 713 3181; x_wconf 87' lang='lat' dir='ltr'>verba</span> <span class='ocrx_word' id='word_1_216' title='bbox 738 3114 820 3181; x_wconf 90' lang='lat' dir='ltr'>dicit</span> <span class='ocrx_word' id='word_1_217' title='bbox 836 3115 1031 3201; x_wconf 89' lang='lat' dir='ltr'>Pamphilus</span> <span class='ocrx_word' id='word_1_218' title='bbox 1049 3137 1173 3180; x_wconf 90' lang='lat' dir='ltr'>summo</span> <span class='ocrx_word' id='word_1_219' title='bbox 1190 3137 1315 3200; x_wconf 87' lang='lat' dir='ltr'>pavore</span> 
     </span>
    </p>

    <p class='ocr_par' dir='ltr' id='par_1_12' title="bbox 119 3219 1316 4270">
     <span class='ocr_line' id='line_1_29' title="bbox 119 3219 1316 3303; baseline 0.002 -19"><span class='ocrx_word' id='word_1_220' title='bbox 119 3269 122 3273; x_wconf 80' lang='lat'><em>-</em></span> <span class='ocrx_word' id='word_1_221' title='bbox 192 3219 342 3302; x_wconf 78' lang='lat' dir='ltr'>affectus,</span> <span class='ocrx_word' id='word_1_222' title='bbox 372 3245 414 3287; x_wconf 92' lang='lat' dir='ltr'>ne</span> <span class='ocrx_word' id='word_1_223' title='bbox 446 3221 596 3288; x_wconf 86' lang='lat' dir='ltr'>odiosum</span> <span class='ocrx_word' id='word_1_224' title='bbox 633 3223 880 3288; x_wconf 90' lang='lat' dir='ltr'>matrimonium</span> <span class='ocrx_word' id='word_1_225' title='bbox 915 3221 980 3286; x_wconf 92' lang='lat' dir='ltr'>sibi</span> <span class='ocrx_word' id='word_1_226' title='bbox 1009 3222 1188 3287; x_wconf 90' lang='lat' dir='ltr'>ineundum</span> <span class='ocrx_word' id='word_1_227' title='bbox 1217 3227 1316 3303; x_wconf 85' lang='lat' dir='ltr'>esset,</span> 
     </span>
     <span class='ocr_line' id='line_1_30' title="bbox 191 3327 1315 3415; baseline 0.001 -23"><span class='ocrx_word' id='word_1_228' title='bbox 191 3333 225 3392; x_wconf 90' lang='lat' dir='ltr'>et</span> <span class='ocrx_word' id='word_1_229' title='bbox 249 3327 401 3392; x_wconf 90' lang='lat' dir='ltr'>omnibus</span> <span class='ocrx_word' id='word_1_230' title='bbox 426 3328 555 3394; x_wconf 86' lang='lat' dir='ltr'>viribus</span> <span class='ocrx_word' id='word_1_231' title='bbox 583 3329 618 3394; x_wconf 93' lang='lat' dir='ltr'>id</span> <span class='ocrx_word' id='word_1_232' title='bbox 649 3328 794 3415; x_wconf 85' lang='lat' dir='ltr'>effugere</span> <span class='ocrx_word' id='word_1_233' title='bbox 827 3329 1042 3395; x_wconf 88' lang='lat' dir='ltr'>contendens.</span> <span class='ocrx_word' id='word_1_234' title='bbox 1088 3329 1203 3394; x_wconf 90' lang='lat' dir='ltr'>Heaut</span> <span class='ocrx_word' id='word_1_235' title='bbox 1234 3329 1315 3393; x_wconf 81' lang='lat'><strong>349:</strong></span> 
     </span>
     <span class='ocr_line' id='line_1_31' title="bbox 189 3433 1315 3521; baseline 0.003 -23"><span class='ocrx_word' id='word_1_236' title='bbox 189 3433 283 3499; x_wconf 91' lang='lat' dir='ltr'>redi</span> <span class='ocrx_word' id='word_1_237' title='bbox 306 3434 409 3499; x_wconf 85' lang='lat' dir='ltr'>redi.</span> <span class='ocrx_word' id='word_1_238' title='bbox 456 3434 544 3501; x_wconf 90' lang='lat' dir='ltr'>And.</span> <span class='ocrx_word' id='word_1_239' title='bbox 568 3437 649 3503; x_wconf 82' lang='lat'><strong>978:</strong></span> <span class='ocrx_word' id='word_1_240' title='bbox 673 3441 711 3501; x_wconf 92' lang='lat' dir='ltr'>tu</span> <span class='ocrx_word' id='word_1_241' title='bbox 740 3435 837 3501; x_wconf 87' lang='lat' dir='ltr'>Dave</span> <span class='ocrx_word' id='word_1_242' title='bbox 862 3436 933 3500; x_wconf 85' lang='lat' dir='ltr'>abi</span> <span class='ocrx_word' id='word_1_243' title='bbox 961 3435 1091 3500; x_wconf 91' lang='lat' dir='ltr'>domum</span> <span class='ocrx_word' id='word_1_244' title='bbox 1114 3457 1315 3521; x_wconf 83' lang='lat' dir='ltr'>propera,</span> 
     </span>
     <span class='ocr_line' id='line_1_32' title="bbox 192 3542 1316 3625; baseline 0.002 -19"><span class='ocrx_word' id='word_1_245' title='bbox 192 3563 369 3606; x_wconf 85' lang='lat' dir='ltr'>accerse</span> <span class='ocrx_word' id='word_1_246' title='bbox 386 3543 463 3606; x_wconf 89' lang='lat' dir='ltr'>hinc</span> <span class='ocrx_word' id='word_1_247' title='bbox 480 3545 535 3625; x_wconf 89' lang='lat' dir='ltr'>qui</span> <span class='ocrx_word' id='word_1_248' title='bbox 552 3545 714 3608; x_wconf 85' lang='lat' dir='ltr'>auferant.</span> <span class='ocrx_word' id='word_1_249' title='bbox 752 3544 836 3607; x_wconf 84' lang='lat' dir='ltr'>Eun.</span> <span class='ocrx_word' id='word_1_250' title='bbox 853 3544 934 3607; x_wconf 80' lang='lat'><strong>377:</strong></span> <span class='ocrx_word' id='word_1_251' title='bbox 952 3565 1074 3625; x_wconf 82' lang='lat' dir='ltr'>„orna</span> <span class='ocrx_word' id='word_1_252' title='bbox 1089 3564 1151 3623; x_wconf 87' lang='lat' dir='ltr'>me,</span> <span class='ocrx_word' id='word_1_253' title='bbox 1168 3542 1217 3607; x_wconf 87' lang='lat' dir='ltr'>ab</span> <span class='ocrx_word' id='word_1_254' title='bbox 1229 3542 1316 3624; x_wconf 90' lang='lat' dir='ltr'>duc,</span> 
     </span>
     <span class='ocr_line' id='line_1_33' title="bbox 191 3647 1314 3735; baseline 0.003 -24"><span class='ocrx_word' id='word_1_255' title='bbox 191 3647 269 3713; x_wconf 91' lang='lat' dir='ltr'>duc</span> <span class='ocrx_word' id='word_1_256' title='bbox 293 3655 452 3733; x_wconf 89' lang='lat' dir='ltr'>quantum</span> <span class='ocrx_word' id='word_1_257' title='bbox 474 3653 605 3735; x_wconf 86' lang='lat' dir='ltr'>potest“</span> <span class='ocrx_word' id='word_1_258' title='bbox 622 3649 773 3716; x_wconf 77' lang='lat' dir='ltr'>Chaerea</span> <span class='ocrx_word' id='word_1_259' title='bbox 797 3648 981 3734; x_wconf 90' lang='lat' dir='ltr'>cupiditate</span> <span class='ocrx_word' id='word_1_260' title='bbox 1005 3649 1151 3734; x_wconf 80' lang='lat' dir='ltr'>puellam</span> <span class='ocrx_word' id='word_1_261' title='bbox 1168 3657 1314 3715; x_wconf 88' lang='lat' dir='ltr'>amatam</span> 
     </span>
     <span class='ocr_line' id='line_1_34' title="bbox 191 3754 1315 3838; baseline 0.003 -20"><span class='ocrx_word' id='word_1_262' title='bbox 191 3754 335 3821; x_wconf 87' lang='lat' dir='ltr'>adeundi</span> <span class='ocrx_word' id='word_1_263' title='bbox 376 3755 601 3827; x_wconf 89' lang='lat' dir='ltr'>inflammatus</span> <span class='ocrx_word' id='word_1_264' title='bbox 644 3756 735 3822; x_wconf 90' lang='lat' dir='ltr'>dicit.</span> <span class='ocrx_word' id='word_1_265' title='bbox 794 3755 859 3820; x_wconf 90' lang='lat' dir='ltr'>Ad.</span> <span class='ocrx_word' id='word_1_266' title='bbox 895 3755 975 3820; x_wconf 77' lang='lat'><strong>812:</strong></span> <span class='ocrx_word' id='word_1_267' title='bbox 1020 3756 1177 3838; x_wconf 86' lang='lat' dir='ltr'>„eandem</span> <span class='ocrx_word' id='word_1_268' title='bbox 1218 3757 1315 3821; x_wconf 92' lang='lat' dir='ltr'>illam</span> 
     </span>
     <span class='ocr_line' id='line_1_35' title="bbox 190 3863 1315 3949; baseline 0.004 -25"><span class='ocrx_word' id='word_1_269' title='bbox 190 3863 1315 3949; x_wconf 82' lang='lat' dir='ltr'>rationemantiquamobtine,conserva‚quaere‚parce‚</span> 
     </span>
     <span class='ocr_line' id='line_1_36' title="bbox 192 3969 1315 4056; baseline 0 -23"><span class='ocrx_word' id='word_1_270' title='bbox 192 3970 259 4034; x_wconf 89' lang='lat' dir='ltr'>fac</span> <span class='ocrx_word' id='word_1_271' title='bbox 291 3991 388 4054; x_wconf 91' lang='lat' dir='ltr'>quam</span> <span class='ocrx_word' id='word_1_272' title='bbox 426 3970 604 4056; x_wconf 89' lang='lat' dir='ltr'>plurimum</span> <span class='ocrx_word' id='word_1_273' title='bbox 641 3971 712 4036; x_wconf 93' lang='lat' dir='ltr'>illis</span> <span class='ocrx_word' id='word_1_274' title='bbox 743 3970 932 4054; x_wconf 83' lang='lat' dir='ltr'>relinquas;</span> <span class='ocrx_word' id='word_1_275' title='bbox 970 3970 1113 4055; x_wconf 86' lang='lat' dir='ltr'>gloriam</span> <span class='ocrx_word' id='word_1_276' title='bbox 1152 3976 1190 4034; x_wconf 93' lang='lat' dir='ltr'>tu</span> <span class='ocrx_word' id='word_1_277' title='bbox 1205 4025 1207 4029; x_wconf 73' lang='grc'>,</span> <span class='ocrx_word' id='word_1_278' title='bbox 1220 3969 1315 4034; x_wconf 90' lang='lat' dir='ltr'>illam</span> 
     </span>
     <span class='ocr_line' id='line_1_37' title="bbox 193 4067 1316 4161; baseline 0.001 -21"><span class='ocrx_word' id='word_1_279' title='bbox 193 4067 325 4141; x_wconf 86' lang='lat' dir='ltr'>obtine“</span> <span class='ocrx_word' id='word_1_280' title='bbox 350 4098 414 4160; x_wconf 81' lang='lat' dir='ltr'>que</span> <span class='ocrx_word' id='word_1_281' title='bbox 438 4078 661 4143; x_wconf 88' lang='lat' dir='ltr'>cumulatione</span> <span class='ocrx_word' id='word_1_282' title='bbox 689 4077 851 4142; x_wconf 89' lang='lat' dir='ltr'>sedulitas</span> <span class='ocrx_word' id='word_1_283' title='bbox 877 4077 1022 4143; x_wconf 90' lang='lat' dir='ltr'>Demeae</span> <span class='ocrx_word' id='word_1_284' title='bbox 1052 4098 1182 4161; x_wconf 87' lang='lat' dir='ltr'>semper</span> <span class='ocrx_word' id='word_1_285' title='bbox 1207 4075 1316 4141; x_wconf 87' lang='lat' dir='ltr'>elabo-</span> 
     </span>
     <span class='ocr_line' id='line_1_38' title="bbox 192 4183 1316 4270; baseline 0.002 -25"><span class='ocrx_word' id='word_1_286' title='bbox 192 4184 300 4247; x_wconf 89' lang='lat' dir='ltr'>rantis</span> <span class='ocrx_word' id='word_1_287' title='bbox 322 4205 429 4268; x_wconf 87' lang='lat' dir='ltr'>neque</span> <span class='ocrx_word' id='word_1_288' title='bbox 452 4207 596 4270; x_wconf 90' lang='lat' dir='ltr'>unquam</span> <span class='ocrx_word' id='word_1_289' title='bbox 620 4187 821 4269; x_wconf 89' lang='lat' dir='ltr'>quiescentis</span> <span class='ocrx_word' id='word_1_290' title='bbox 846 4186 941 4268; x_wconf 83' lang='lat' dir='ltr'>quasi</span> <span class='ocrx_word' id='word_1_291' title='bbox 962 4183 1163 4269; x_wconf 83' lang='lat' dir='ltr'>depingitur.</span> <span class='ocrx_word' id='word_1_292' title='bbox 1209 4184 1316 4248; x_wconf 85' lang='lat' dir='ltr'>Inten-</span> 
     </span>
    </p>
   </div>
   <div class='ocr_carea' id='block_1_4' title="bbox 0 0 1466 4696">
    <p class='ocr_par' dir='ltr' id='par_1_13' title="bbox 0 0 1466 4696">
     <span class='ocr_line' id='line_1_39' title="bbox 0 0 1466 4696; baseline 0 0"><span class='ocrx_word' id='word_1_293' title='bbox 0 0 1466 4696; x_wconf 95' lang='lat' dir='ltr'> </span> 
     </span>
    </p>
   </div>
  </div>
 </body>
</html>
