2858 4696
705 240 722 288 8

152 413 475 498 amplectitote3
505 413 552 478 ih.
583 416 664 480 818:
684 413 754 506 uhi
785 414 845 479 ille
874 437 993 480 servos
1024 414 1201 480 advenerit
1232 453 1275 463 -
1366 441 1370 446 ’

151 520 267 585 itote
292 521 457 605 extemplo
482 519 621 585 domum.

241 625 364 692 Altera
388 632 505 692 autem·
524 648 565 692 ex
587 633 687 711 parte
709 628 837 712 aliquot
859 630 894 693 in
912 629 1034 694 Plauto
1059 630 1276 694 inveniuntur

152 732 227 813 loci,
260 732 317 797 ubi
344 733 570 818 Imperativus
601 735 637 797 in
668 737 703 798 tc
735 735 791 799 vel
822 741 894 800 tote
926 736 1039 800 exiens
1070 757 1276 821 nequaquam

151 840 318 923 propriam
350 840 418 904 vim
449 840 554 904 futuri
585 839 697 921 habet,
734 840 793 904 sed
829 849 888 908 aut
918 842 960 906 ad
991 843 1119 907 nullum
1151 849 1277 908 certum

151 951 281 1030 tempus
306 951 365 1011 aut
388 946 430 1011 ad
453 969 612 1031 praesens
637 948 831 1012 referendus
856 954 917 1013 661.
964 947 1124 1034 Congesti
1148 955 1226 1015 sunt
1247 951 1278 1014 ci

152 1052 239 1136 apud
262 1053 423 1118 Lochium
447 1077 477 1139 p.
504 1056 554 1135 11,
580 1061 614 1119 61
637 1054 740 1119 110061
756 1054 917 1138 quaedam
933 1056 1091 1139 proferre.
1137 1058 1278 1122 Praeter

151 1159 273 1225 multos
312 1161 414 1242 locos,
447 1161 505 1226 ubi
542 1161 721 1242 „salveto,“
756 1184 822 1225 non
860 1161 1003 1242 „salve,“
1042 1163 1183 1242 „facito“
1211 1186 1277 1227 non

152 1267 243 1347 „fac“
275 1273 395 1349 exstat,
427 1269 490 1333 huc
521 1269 707 1353 pertinent:
740 1266 860 1352 Amph.
892 1268 973 1332 520:
1004 1270 1145 1334 1111111110
1172 1268 1277 1333 modo.

153 1372 226 1438 (las.
251 1374 293 1455 V,
320 1375 423 1455 1,15:
449 1380 654 1460 spectato
672 1375 748 1439 hinc
765 1375 885 1438 omnia.
921 1376 1013 1439 Pers.
1030 1375 1111 1440 500:
1136 1374 1277 1440 Atclara

151 1481 356 1546 recitato.
403 1480 459 1546 Ad
483 1480 738 1567 interpretanda
762 1504 801 1545 ea
826 1481 976 1566 exempla
996 1481 1082 1547 nihil
1098 1481 1157 1545 1116
1174 1481 1278 1563 addit,

152 1587 210 1652 sed
234 1589 317 1652 11660
340 1588 436 1653 modo
461 1588 560 1654 dicit:
584 1589 648 1669 „Es
674 1588 783 1653 bleibt
811 1589 896 1653 noch
927 1591 1043 1653 immer
1075 1589 1148 1653 ciue
1182 1589 1278 1653 aiem-

150 1694 239 1758 liche
264 1694 400 1760 Anzahl
425 1718 490 1760 von
515 1695 707 1781 Beispiclen
732 1696 841 1780 iibrig,
874 1719 925 1760 wo
950 1695 1008 1760 dor
1032 1696 1115 1779 Imp.
1139 1695 1217 1759 Fut.
1241 1696 1275 1758 in

152 1802 262 1866 6611161
284 1802 564 1887 urspriinglichen
580 1804 691 1867 Natur
715 1803 766 1867 als
784 1804 927 1888 Tempus
943 1802 1003 1867 der
1018 1802 1169 1866 Zukunft
1184 1803 1279 1867 nicht

151 1908 244 1973 mehr
268 1907 416 1974 deutlich
441 1909 630 1974 erkennhar
654 1911 708 1990 ist,
739 1908 806 1973 und
839 1931 890 1973 wo
914 1910 977 1973 wir
999 1909 1057 1976 ihu
1083 1908 1185 1974 daher
1209 1909 1275 1973 cin·

151 2015 228 2081 fach
255 2015 367 2100 gleich
399 2015 472 2080 dem
504 2017 668 2082 Praesens
704 2023 828 2098 setzen,
858 2016 1024 2083 teilweise
1056 2017 1139 2082 auch
1171 2016 1274 2081 durch

151 2121 365 2207 prosodisohe
390 2123 528 2189 Grunde
552 2124 708 2188 6111111011
731 2128 894 2190 1111666111*
940 2125 989 2189 Ut
1012 2132 1122 2189 autem
1145 2125 1178 2187 iu
1201 2129 1274 2187 tota

151 2228 213 2294 1116
230 2228 466 2295 dissertatione
480 2232 659 2315 explicatio
677 2231 882 2316 singulorum
895 2232 1043 2295 locorum
1056 2230 1274 2309 desideratur,

151 2335 201 2400 ita
226 2336 327 2400 etiam
351 2335 466 2400 horum
484 2338 707 2422 exemplorum
723 2344 877 2403 naturam
895 2339 1084 2403 accuratius
1100 2338 1277 2421 inquirere,

152 2442 238 2528 quod
270 2449 360 2508 06116
393 2466 513 2529 operae
553 2448 697 2530 pretium
731 2446 804 2525 fuit,
843 2445 943 2530 plane
973 2443 1133 2529 neglexit.
1180 2442 1276 2519 Quod

152 2556 263 2615 autem
293 2551 328 2614 in
360 2552 412 2615 his
442 2553 650 2636 potissimum
682 2551 944 2636 interpretandis
975 2551 1115 2616 metrica
1146 2551 1275 2615 ratione

152 2658 202 2722 uti
234 2658 318 2738 vult,
349 2658 411 2722 hoo
442 2660 526 2724 nihil
552 2659 714 2739 efficitur3
745 2682 822 2724 nam
853 2658 882 2723 61
913 2659 963 2722 116
994 2679 1094 2742 agere
1125 2657 1276 2737 velimus,

151 2763 327 2849 plerosque
355 2766 442 2832 tales
466 2767 690 2859 Imperativos
722 2766 882 2832 facillime
911 2766 1078 2850 explicare
1101 2765 1275 2848 possimus.

152 2868 266 2954 Atque
297 2893 492 2956 quamquam
515 2874 631 2957 negari
657 2896 723 2937 non
753 2879 866 2957 potest
889 2871 983 2935 illam
1007 2870 1209 2955 aliquotiens
1240 2871 1274 2933 in

152 2976 340 3063 usurpando
371 2978 434 3043 hoc
466 2979 671 3063 Imperativo
702 2980 880 3064 plurimum
911 2976 1069 3056 valuisse,
1100 2982 1213 3041 tamen
1242 2976 1276 3041 id

152 3085 187 3148 iu
212 3083 325 3150 661616
349 3087 499 3170 exempla
523 3086 637 3150 eodem
662 3088 733 3151 iuro
757 3084 856 3167 cadit,
888 3090 988 3169 atque
1012 3084 1046 3147 in
1077 3083 1161 3147 haec
1193 3084 1276 3169 ipsa.

242 3191 415 3256 Postremo
440 3193 541 3258 etiam
565 3195 759 3258 concessiva
790 3194 842 3256 vis
866 3193 963 3256 huius
987 3193 1112 3256 formae
1144 3213 1184 3255 ex
1214 3191 1277 3256 illa

154 3298 376 3383 explicatione
400 3298 476 3364 duci
499 3323 563 3364 non
580 3306 702 3385 potest.
748 3301 835 3364 Nam
852 3299 916 3364 etsi
938 3298 1089 3383 exempla
1104 3298 1276 3362 inveniun-

152 3411 216 3485 tur,
233 3403 290 3469 uhi
306 3406 340 3469 in
356 3389 504 3471 futurum
515 3412 645 3492 tempus
656 3406 782 3492 aliquid
796 3406 998 3487 conceditur,
1011 3414 1122 3471 tamen
1136 3403 1276 3470 totidem

154 3518 297 3594 exstant,
313 3514 348 3578 in
365 3513 484 3598 quihus
502 3515 670 3579 concessio
688 3514 730 3578 ad
746 3534 904 3599 praeseus
920 3514 1076 3598 pertinet.
1110 3512 1275 3596 Inspicias

153 3617 232 3683 Aul.
256 3619 314 3685 54:
339 3618 495 3701 „Absede
512 3621 613 3685 etiam
629 3644 725 3703 nunc,
750 3622 852 3687 etiam
875 3642 962 3685 nuno
980 3618 1213 3685 -Etiamnel
1234 3658 1275 3667 —

154 3725 216 3790 che
246 3727 324 3791 istic
356 3725 563 3815 adstato.“
610 3727 694 3792 Bud.
722 3728 807 3793 1148
832 3749 878 3812 sq.
909 3726 1035 3812 ,Gripo
1058 3725 1179 3791 accede
1202 3725 1292 3806 huc,-

153 3837 212 3900 tua
236 3854 289 3897 166
311 3835 437 3918 agitem
461 3839 499 3898 tu
522 3834 635 3918 puella
660 3835 776 3919 procul
801 3834 941 3914 dicito“;
957 3834 1116 3918 pleraque
1137 3833 1276 3918 deniquo

153 3938 313 4023 exempla,
336 3960 420 4024 quae
444 3941 588 4006 Lochias
612 3964 643 4026 p.
673 3943 711 4006 12
735 3941 862 4007 attulit.

242 4044 339 4121 Quod
363 4052 474 4116 autem
496 4048 641 4113 Lochius
664 4071 694 4133 p.
720 4048 739 4112 8
763 4049 846 4114 haec
870 4049 967 4115 dicit:
992 4048 1074 4129 „Die
1091 4046 1198 4128 Folle,
1222 4068 1274 4111 wo

154 4150 212 4220 der
234 4153 316 4237 Imp.
340 4154 417 4219 Fut.
442 4154 545 4224 durch
570 4157 665 4224 einen
689 4156 919 4224 koordiuirten
937 4154 1120 4223 Futursatz
1145 4153 1276 4219 erklart
