2858 4696
248 1125 293 1215 ln
306 1173 342 1216 re
355 1152 574 1237 grammatica
586 1149 764 1217 tractanda
778 1173 849 1216 cum
863 1152 897 1215 in
910 1152 1115 1238 Imperativo
1128 1174 1292 1236 versarer,

161 1257 309 1323 mirabar
320 1260 355 1323 in
371 1260 419 1323 eis
431 1258 539 1340 libris,
552 1258 608 1343 qui
620 1257 813 1344 plerumque
825 1258 860 1322 in
873 1258 935 1323 hac
947 1280 984 1323 re
995 1259 1071 1323 usui
1084 1280 1158 1324 esse
1171 1259 1291 1342 solent,

163 1370 197 1429 et
221 1380 357 1449 quorum
382 1365 564 1430 auctoritas
588 1366 732 1430 maxima
757 1371 809 1431 est
832 1403 876 1412 -
896 1366 969 1430 dioo
994 1365 1149 1432 Ktihneri
1176 1365 1292 1448 „Aust

163 1471 275 1537 Gram.
301 1471 330 1536 d.
354 1472 413 1537 lat.
431 1471 608 1557 Sprache,“
629 1472 793 1558 Draegeri
819 1471 966 1553 „Hister
984 1470 1081 1556 Synt.
1098 1471 1167 1536 dl.
1184 1470 1288 1557 Spr.,“

161 1579 249 1642 Neui
276 1579 534 1660 „Formenlehre
558 1578 588 1642 d.
612 1579 633 1643 l.
652 1577 755 1665 Spr.,“
775 1578 906 1644 Holtzii
926 1578 1043 1662 „Synt
1059 1579 1157 1664 prisc.
1175 1580 1289 1664 script.

160 1685 220 1750 lat.
251 1708 355 1770 usque
387 1684 429 1750 ad
462 1686 555 1750 Ter.“
592 1725 632 1733 —
669 1685 709 1750 de
740 1691 863 1750 natura
894 1706 933 1749 ac
973 1687 1087 1750 varius
1126 1686 1291 1772 significa·

161 1792 309 1857 tionibus
341 1794 412 1856 eius
445 1792 688 1858 constituendis
721 1798 756 1858 et
787 1791 994 1879 explicandis
1026 1793 1224 1882 brevissime
1256 1801 1291 1860 et

163 1921 280 1984 parum
304 1899 484 1985 diligenter
508 1899 713 1984 disputatum
737 1920 820 1980 esse,
843 1899 1035 1985 nullamque
1063 1900 1170 1967 adhuc
1198 1922 1291 1986 sepa-

162 2007 263 2070 ratim
295 2011 427 2071 exstare
456 2007 776 2087 commentationem,
808 2027 873 2091 qua
904 2007 988 2072 satis
1020 2013 1176 2073 accurate
1207 2007 1290 2074 haec

161 2134 215 2176 res
240 2117 415 2177 tractetur.
462 2111 575 2197 Atque
600 2113 746 2178 comita
770 2118 902 2178 tautum
926 2134 1000 2178 eam
1022 2134 1093 2178 rem
1115 2120 1207 2179 reete
1231 2115 1289 2199 agi

163 2219 358 2300 existimem,
383 2219 412 2283 si
428 2219 643 2304 singulorum
667 2221 866 2305 scriptorum
889 2242 968 2286 usus
997 2226 1153 2286 accurate
1184 2221 1289 2306 inqui·

38 2368 40 2372 ,
160 2331 254 2390 ratur
283 2331 317 2390 et
348 2325 554 2408 observetur,
586 2332 666 2407 tum,
698 2348 782 2412 quae
814 2350 852 2392 eo
885 2327 1005 2393 effecta
1036 2333 1124 2410 sunt,
1155 2327 1288 2393 coniun-

161 2438 292 2517 gantur,
318 2454 389 2518 ego,
418 2431 505 2518 qnod
528 2433 562 2496 in
588 2434 740 2498 Terentii
771 2433 905 2499 fabulas
936 2432 1133 2500 tractandas
1164 2435 1289 2518 praeci·

161 2562 260 2624 puam
284 2561 418 2624 operam
442 2539 579 2621 contuli,
610 2541 671 2604 has
703 2541 785 2605 mihi
817 2540 952 2625 sumpsi,
975 2542 1011 2604 in
1042 2540 1161 2626 quibus
1193 2562 1289 2606 usum

161 2646 359 2730 Imperativi
388 2645 570 2731 diligenter
600 2647 820 2732 inquirerem;
851 2646 886 2711 id
917 2653 1028 2712 autern
1061 2648 1125 2734 egi,
1156 2653 1194 2712 ut
1223 2648 1288 2732 pri·

159 2754 299 2818 mariam
316 2753 461 2838 aliquam
476 2759 631 2819 naturam
648 2755 719 2818 eius
736 2759 928 2835 statuerem,
952 2753 1039 2819 unde
1056 2754 1169 2818 omnes
1186 2753 1288 2840 signi·

159 2860 332 2925 ficationes
369 2861 469 2925 facile
508 2860 725 2943 deducuntur,
765 2860 893 2943 deinde,
931 2867 970 2926 ut
1001 2861 1041 2926 de
1078 2860 1287 2944 differentiis,

161 2989 244 3052 quae
275 2968 364 3031 inter
395 2967 593 3051 Imperativi
631 2973 665 3032 et
697 2966 910 3033 Coniunctivi
940 2990 1035 3034 usum
1066 2967 1287 3051 intercedunt,

159 3079 286 3138 eertum
300 3073 432 3138 efficere
446 3095 592 3138 conarer.
625 3073 732 3139 Simul
745 3079 856 3139 autem
867 3074 1018 3141 Plautini
1029 3097 1109 3141 usus
1121 3076 1287 3141 rationem

159 3179 261 3245 habui
294 3186 327 3245 et
359 3180 520 3264 exempla,
560 3201 644 3265 quae
676 3180 764 3265 apud
796 3202 869 3245 eum
909 3181 949 3246 de
981 3183 1043 3247 hac
1073 3204 1110 3247 re
1142 3188 1286 3265 exstant,

159 3286 340 3372 diligenter
380 3307 453 3350 cum
485 3287 697 3353 Terentianis
737 3290 937 3373 comparavi.
984 3289 1033 3354 Eo
1065 3311 1149 3375 quae
1181 3289 1286 3372 effeci,

158 3394 251 3458 hisce
274 3393 400 3459 litteris
424 3392 591 3459 mandavi.

248 3501 299 3565 De
322 3501 529 3585 Imperativo
554 3502 583 3565 si
607 3502 729 3586 agitur,
761 3500 846 3566 duae
869 3503 994 3568 formae
1027 3501 1284 3588 distinguendae

160 3613 246 3688 sunt,
278 3607 388 3672 altera
417 3606 563 3687 brevior,
595 3628 679 3691 quae
704 3613 756 3672 est
773 3630 857 3689 ama,
881 3615 1000 3691 amate,
1021 3610 1130 3676 altera
1145 3609 1284 3695 plenior,

159 3733 243 3797 quae
268 3718 320 3777 est
343 3719 463 3794 amato,
488 3719 644 3779 amatote.
691 3714 742 3778 De
766 3715 938 3801 utriusque
970 3716 1216 3803 significatione
1245 3739 1284 3782 ao

158 3822 290 3885 nomine
314 3819 356 3884 ab
385 3826 537 3885 veterum
560 3821 852 3907 grammaticorum
878 3822 1083 3908 temporibus
1107 3844 1210 3909 usque
1241 3823 1285 3890 ad

157 3931 307 3991 nostram
331 3933 477 3992 aetatem
500 3949 520 3992 a
544 3928 626 3992 viris
651 3928 758 3994 doctis
784 3927 937 3994 diversae
961 3932 1149 3997 sententiae
1173 3931 1283 3998 diotae

159 4039 247 4099 sunt.
272 4033 385 4119 Atque
397 4040 435 4100 ut
448 4057 488 4100 ex
497 4035 670 4100 veteribus
681 4058 781 4101 uuum
791 4036 938 4118 afferam,
949 4037 1141 4104 Priscianus
1152 4038 1282 4121 VIII,8

126 4204 132 4214 ,
159 4142 202 4226 (p.
227 4141 292 4206 389
316 4162 367 4228 ap.
392 4141 515 4229 Krehl)
538 4142 621 4209 haee
650 4142 748 4209 dicit:
782 4143 1026 4230 „Imperativus
1058 4167 1217 4234 praesens
1249 4151 1284 4212 et
