2858 4696
662 298 722 346 43·

112 476 162 540 ib.
199 475 300 540 1028:
339 474 559 555 „obsaoro,
598 474 643 537 mi
682 478 795 558 gnate,
827 493 876 536 ne
910 473 998 536 istue
1029 472 1064 536 in
1096 474 1241 537 animum

112 581 433 647 indueastuum.“
479 580 710 644 Phorm945:
747 578 965 660 „obseero,
989 600 1042 642 ne
1067 579 1241 644 facias.“

116 688 274 754 Adicitur
298 693 410 752 autem
425 687 508 751 haee
524 708 599 767 vox,
624 707 686 770 quo
712 685 903 751 adhortatio
924 686 1155 750 vehementior
1172 685 1241 750 fiat.
1371 678 1374 685 ’

116 796 168 860 De
203 795 370 860 Plautinis
405 794 489 858 loeis
523 792 601 857 vide
639 793 741 857 Looh.
771 814 802 877 p.
834 794 886 858 21.
919 792 977 857 efr.
1002 791 1069 857 Oia.
1098 792 1140 857 ad
1164 791 1240 859 Att.

116 903 216 983 XIII,
245 902 297 981 23,
322 902 358 965 2;
394 922 442 965 ne
475 901 723 980 existimes,
757 920 813 964 eos
839 949 845 962 .
871 949 878 965 .
904 948 911 963 .
935 900 1132 963 remissurus
1158 920 1241 967 esse.

113 1033 146 1096 p.
172 1008 301 1075 Cluent.
325 1008 371 1087 Π,
396 1008 431 1071 6:
468 1008 497 1071 si
521 1005 663 1092 denique
696 1007 824 1071 veritas
850 1056 856 1072 .
881 1055 889 1070 .
914 1055 920 1069 .
946 1004 1167 1090 extorquebit,
1191 1027 1241 1072 ne

115 1116 393 1199 repugnatio,
419 1134 555 1197 eamque
579 1114 700 1177 animis
724 1114 848 1178 vestris
879 1113 1074 1177 remittatis.

144 1433 196 1511 X.
224 1433 286 1510 De
323 1431 699 1510 oiroumloontione
726 1431 919 1534 negativi
952 1430 1214 1533 Imperativi.

211 1644 244 1732 1)
267 1646 367 1710 noli.
414 1646 488 1711 Hoo
519 1644 606 1728 apud
637 1645 830 1708 Terentium
862 1645 912 1709 ita
943 1646 1153 1728 potissimum
1176 1647 1241 1709 usi·

118 1758 220 1830 tatur,
255 1758 293 1817 ut
324 1750 582 1817 admonitionem
614 1750 826 1816 familiariter
858 1749 971 1816 datam
1003 1752 1175 1817 contineat
1208 1757 1242 1817 et

119 1880 180 1940 „ne
205 1879 279 1922 oum
309 1856 419 1922 00111.ιι
450 1859 634 1941 proximum
665 1858 720 1922 sit.
765 1857 881 1922 Estat:
916 1855 1005 1921 And.
1037 1857 1117 1923 685:
1144 1857 1240 1923 modo

117 1971 165 2044 tu,
190 1966 299 2029 anime
322 1966 377 2039 mi,
401 1964 493 2028 noli
516 1970 550 2029 te
573 1984 752 2027 macerare.
798 1963 931 2029 Ph'orm.
956 1963 1037 2028 556:
1061 1963 1155 2029 noli
1177 1986 1241 2029 me-

121 2078 226 2151 tuere,
261 2093 328 2134 una
366 2077 477 2136 tecum
514 2069 603 2134 bona
636 2071 727 2133 mala
764 2068 991 2135 tolerabimus.
1044 2069 1126 2135 Hes.
1160 2070 1242 2139 109:

121 2178 162 2242 ah
179 2178 290 2258 noli,
307 2178 480 2242 Parmeno.
498 2175 562 2264 (ita
579 2174 732 2262 dieere.);
755 2174 800 2239 ib.
817 2176 898 2240 316:
933 2175 1025 2241 noli
1041 2174 1244 2268 fabularierq

115 2283 162 2348 ib.
185 2285 249 2348 467
261 2307 267 2347 :
292 2284 386 2348 noli
409 2283 539 2361 fodere,
563 2281 608 2345 ib.
633 2281 715 2346 654:
750 2281 893 2346 redduoe
916 2303 1052 2346 uxorem
1076 2305 1115 2348 ac
1147 2277 1247 2349 noli'

119 2392 293 2456 adversari
316 2391 407 2454 mihi.
454 2388 542 2454 And.
566 2389 648 2454 385:
684 2387 824 2452 suadere
848 2388 951 2453 noli.

207 2496 242 2584 2)
267 2519 371 2562 eave
404 2519 430 2561 e.
461 2495 574 2561 Ooni.
635 2495 709 2559 Hoo
748 2494 844 2559 modo
881 2492 1071 2561 adhortatio
1105 2503 1240 2562 strenue

116 2603 320 2666 enuntiatur.
366 2601 528 2686 Exempla
552 2609 645 2665 sunt:
682 2600 770 2665 And.
788 2601 867 2667 760:
902 2622 1008 2683 mane,
1033 2624 1139 2668 eave
1165 2625 1240 2687 quo-

118 2707 208 2790 piam
234 2728 268 2770 es
300 2709 386 2773 istoc
419 2708 564 2772 excessis
595 2706 679 2772 loco.
735 2705 798 2771 Ad.
833 2706 914 2774 170:
949 2706 1061 2772 Cave
1085 2711 1241 2775 nunciam

114 2813 228 2877 oeulos
261 2835 281 2877 a
315 2816 397 2895 meis
430 2814 535 2879 oeulis
568 2835 730 2899 quoquam
762 2812 942 2878 demoveas
977 2820 1063 2880 tuos.
1108 2815 1240 2881 Deinde

114 2920 221 2984 minus
258 2919 394 2984 aeerbe:
429 2921 551 2986 Heaut.
585 2921 664 2986 187:
709 2942 814 2986 cave
847 2920 943 3002 faxis,
977 2944 1042 2986 non
1074 2945 1155 3009 opus
1188 2929 1241 2988 est

114 3029 229 3107 pater,
253 3023 298 3087 ib.
316 3025 396 3089 302:
431 3047 534 3110 perge
551 3025 688 3091 obsecro
706 3032 740 3091 et
756 3048 875 3108 eave,
899 3050 941 3091 ne
958 3029 1079 3094 falsam
1095 3031 1240 3114 gratiam

117 3129 253 3194 studeas
288 3132 390 3211 inire3
424 3131 470 3196 ib.
506 3133 588 3199 826:
631 3131 721 3198 Cave
757 3132 933 3217 quidquam
964 3132 1148 3201 admiratus
1183 3138 1238 3202 sis.

114 3236 246 3300 Phorm.
286 3238 367 3301 993:
404 3261 509 3304 eave
547 3240 607 3304 isti
647 3238 824 3324 quidquam
856 3239 1004 3305 oreduas.
1057 3240 1123 3306 Ad.
1154 3243 1237 3308 458:

116 3364 221 3408 eave
252 3343 385 3408 dixeris.
430 3345 554 3410 Heaut.
587 3344 689 3411 1031:
735 3367 839 3411 eave
869 3347 1010 3432 posthac
1034 3398 1041 3412 .
1066 3397 1073 3413 .
1096 3370 1240 3433 unquam

113 3450 254 3514 verbum
277 3472 318 3514 ex
340 3457 375 3516 te
399 3449 541 3517 audiam.

204 3555 240 3643 3)
263 3557 362 3621 vide
385 3579 435 3622 ne
459 3579 486 3622 e.
510 3557 624 3623 Geni.
656 3565 768 3624 exstat
790 3560 843 3624 his
870 3560 974 3625 loeis:
1010 3561 1133 3628 Heaut.
1157 3564 1240 3630 212:

113 3666 152 3725 tu
174 3667 212 3726 nt
228 3668 358 3747 tempus
376 3670 427 3730 est
445 3663 520 3744 diei,
544 3663 645 3730 vide
662 3668 718 3747 sis,
735 3688 777 3730 ne
793 3688 856 3751 quo
872 3667 951 3732 hino
966 3666 1068 3732 abeas
1085 3668 1239 3754 longius3

114 3766 159 3831 ib.
184 3768 264 3832 369:
301 3771 359 3835 sed
382 3770 464 3835 heus
488 3778 534 3852 tu,
558 3771 658 3838 vide
682 3773 739 3853 sis,
761 3794 803 3837 ne
828 3772 906 3858 qnid
938 3772 1128 3859 imprudens
1151 3797 1240 3842 ruas.

113 3874 245 3938 Phorm.
270 3875 351 3944 803:
384 3899 426 3943 au
459 3877 606 3960 obsecro,
638 3877 758 3960 vide,
783 3901 825 3944 ne
848 3881 883 3944 in
908 3886 1086 3966 eognatum
1109 3902 1238 3967 peones.

113 3979 196 4046 Heo.
220 3981 303 4047 484:
338 4005 455 4049 verum
486 3985 587 4049 vide
617 4007 660 4050 ne
691 3974 853 4072 impulsus
876 3987 928 4051 ira
954 4008 1058 4072 prave
1081 3987 1238 4070 insistas;

113 4085 158 4150 ib.
183 4088 265 4154 841:
291 4088 409 4171 vide,
433 4092 478 4155 mi
502 4091 675 4173 Parmeno,
698 4114 740 4157 ne
763 4114 816 4158 me
839 4094 874 4158 in
896 4091 1001 4158 breve
1016 4098 1149 4179 tempus
1165 4117 1238 4162 oon·

113 4193 213 4258 lioias
237 4196 359 4281 gaudio
384 4197 446 4263 hoe
473 4199 549 4263 frui.
