2858 4696
696 247 729 296 22

153 440 275 508 quaeso
299 421 436 502 disce,
459 420 539 507 quid
554 422 600 488 sit
616 423 741 504 vivere,
757 421 818 488 ubi
834 421 921 489 ecies
937 421 966 488 si
982 420 1176 507 displicebit
1190 422 1273 503 vita,

153 533 222 597 ‚tum
254 529 341 594 istoc
379 527 560 608 utitor“;
598 527 644 593 ib.
676 527 780 593 1067:
824 528 942 608 „Prius
974 526 1118 593 audite
1148 527 1274 612 paucis,

154 632 239 719 quod
256 654 353 718 quom
365 632 489 715 dixero,
505 634 535 697 si
550 633 725 719 placuerit,
737 634 878 700 facito
889 637 959 700 te.“
982 633 1114 699 Phorm.
1129 633 1193 698 718
1210 655 1273 718 sq:

155 738 262 822 „Duc
285 761 338 805 me
361 739 404 805 ad
428 761 502 804 eum
526 761 605 825 ergo
631 777 673 788 —
696 739 754 804 ubi
777 740 839 805 hoc
864 741 982 825 egeris,
1005 740 1206 805 transito
1231 739 1274 805 ad

152 867 288 911 uxorem
310 849 447 911 meam.“
503 846 627 929 Hecyr,
660 847 743 911 442:
781 845 879 931 „quid
903 848 934 910 si
956 868 1021 912 non
1045 844 1185 911 veniet?
1208 868 1274 912 ma·

153 973 293 1019 neamne
315 973 418 1037 usque
442 951 485 1017 ad
507 952 708 1038 vesperum?
732 958 919 1033 maneto,
944 956 1101 1033 curro,“
1127 950 1185 1017 ubi
1207 974 1274 1017 ma·

152 1062 251 1125 notor
278 1058 321 1131 ad
342 1060 502 1125 remotius
525 1065 656 1145 tempus
680 1060 827 1144 pertinet
851 1064 885 1124 et
909 1080 981 1123 oum
997 1058 1181 1143 tranquilla
1201 1080 1274 1143 gra-

153 1165 262 1234 vitate
294 1165 425 1247 dicitur,
460 1170 593 1247 „eurre“
627 1172 739 1231 antem
774 1165 938 1251 extemplo
980 1164 1190 1231 efficiendum
1222 1172 1274 1232 est

154 1276 189 1337 et
228 1292 301 1336 cum
338 1271 555 1338 festinatione
594 1274 837 1357 pronuntiatur.
890 1270 972 1337 Oum
1010 1271 1072 1337 hoc
1103 1275 1283 1353 „maneto“.

154 1377 184 1444 ei
215 1398 330 1442 vocem
361 1382 494 1459 „mane“
527 1380 734 1460 conferimus,
766 1400 849 1462 qnae
880 1383 951 1443 tum
982 1376 1169 1459 adhibetur,
1201 1399 1274 1443 oum

153 1483 227 1566 quis
251 1482 429 1555 abeuntem
451 1486 597 1551 retinere
620 1485 704 1566 vult,
727 1486 763 1550 in
793 1485 853 1549 illo
878 1485 1082 1569 gravitatem
1106 1490 1140 1550 et
1163 1489 1273 1549 aucto-

153 1589 299 1671 ritatem,
323 1591 358 1654 in
382 1590 445 1657 hac
469 1592 719 1659 festinationem
741 1593 852 1659 inesse
874 1589 1035 1656 videmus.
1144 1608 1147 1614 ·

242 1695 352 1762 Multo
376 1702 488 1763 autem
511 1699 644 1783 saepius
667 1698 702 1762 in
726 1698 789 1764 tali
813 1698 1044 1763 coniunctione
1066 1696 1272 1781 imperativo

154 1822 194 1866 ea
227 1801 393 1884 iubentur,
429 1825 513 1888 quae
542 1805 677 1869 maioris
715 1806 874 1870 momenti
913 1809 991 1870 eunt
1021 1809 1055 1868 et
1086 1823 1169 1887 quae
1199 1802 1273 1868 fieri

152 1907 267 1992 magis>
283 1909 435 1975 interest.
488 1910 650 1996 Exempla
681 1909 764 1975 haec
783 1917 888 1982 eunt:
912 1909 1000 1975 And.
1024 1909 1106 1976 865:
1144 1907 1273 1990 „Oura

153 2013 397 2081 adservandum
427 2018 577 2082 vinctum
607 2022 707 2102 atque
738 2016 871 2083 audin’?
902 2014 1147 2102 quadrupedem
1177 2037 1272 2080 oon-

153 2121 398 2206 etringito,“
428 2123 486 2188 ubi
518 2125 573 2208 qui
602 2123 751 2209 loquitur
780 2147 846 2190 non
885 2124 992 2191 solum
1030 2123 1105 2188 vult
1139 2145 1272 2188 servum

153 2228 284 2306 omnino
307 2229 433 2294 usitato
448 2228 544 2295 modo
560 2230 691 2311 vinciri,
714 2252 829 2295 verum
845 2228 880 2293 id
899 2231 1109 2314 potissimum
1125 2231 1155 2294 ei
1173 2250 1272 2294 curae

154 2338 206 2399 eet
229 2354 303 2399 eum
326 2334 571 2421 quadrupedem
594 2337 788 2421 constringi,
813 2334 898 2420 quod
922 2337 1024 2401 etiam
1043 2357 1126 2400 voco
1150 2341 1270 2420 „atque

153 2438 299 2504 audin?“
322 2440 438 2507 addita
452 2441 590 2524 indicat,
614 2465 678 2527 qua
701 2443 910 2527 praecipuam
929 2443 1150 2508 attentionem
1170 2443 1271 2508 animi

153 2545 293 2611 alteriue
332 2545 374 2612 ad
413 2569 452 2613 ea
483 2550 659 2630 convertit,
698 2570 781 2632 quae
816 2553 887 2613 tum
917 2549 1021 2630 iubet,
1074 2551 1157 2614 Eun.
1188 2547 1270 2613 595:

154 2649 286 2737 „Oape
309 2652 371 2718 boc
394 2652 576 2735 flabellum,
606 2655 778 2721 ventulum
812 2656 860 2721 sio
888 2656 904 2720 f
911 2656 1065 2736 acito,“
1088 2655 1148 2720 ubi
1167 2671 1271 2739 ,cape

153 2756 215 2821 hoc
238 2756 432 2825 flabellum“
456 2781 738 2845 supervacaneum
762 2762 831 2826 fere
856 2767 916 2842 est,
940 2783 1016 2826 nam
1038 2782 1092 2824 res
1109 2761 1159 2823 ita
1184 2760 1271 2842 cogi·

152 2861 256 2928 tanda
287 2871 348 2944 est,
379 2865 545 2947 ancillam,
577 2865 653 2931 dum
684 2867 766 2931 haec
798 2866 889 2946 dicit,
920 2864 1092 2928 flabellum
1122 2863 1175 2928 illi
1198 2885 1271 2948 por·

152 2970 273 3054 rigere,
288 2975 327 3036 ut
342 2970 409 3036 iam
425 2971 497 3056 ipso
513 2971 693 3057 intellegat
708 2971 744 3037 id
760 2993 833 3037 esee
858 2969 1061 3057 capiendum.
1107 2967 1173 3035 Ad.
1189 2971 1271 3037 351:

152 3080 190 3143 tu
214 3080 371 3160 quantum
403 3081 518 3162 potest
548 3077 618 3143 abi
642 3084 742 3163 atque
765 3079 912 3164 Hegioni
940 3082 1082 3163 cognato
1108 3078 1178 3142 eius
1201 3099 1271 3142 rem

154 3185 397 3263 enarrato“;
421 3183 476 3249 hic
500 3183 594 3266 „abi“
619 3183 828 3250 abundanter
852 3185 921 3250 fere
940 3185 1085 3270 positum
1101 3189 1162 3265 est,
1185 3205 1271 3264 nam,

152 3293 191 3353 nt
214 3310 369 3353 enarrare
393 3289 526 3356 absenti
549 3291 666 3376 possit,
696 3313 755 3377 per
787 3313 822 3357 ee
846 3297 986 3376 apparet
1008 3290 1062 3355 illi
1085 3288 1272 3355 abeundum

154 3415 236 3459 esse.
291 3392 405 3480 Atque
437 3395 522 3480 quod
553 3396 708 3479 Loohius,
739 3403 778 3462 nt
809 3420 850 3463 ex
888 3398 993 3463 futuri
1025 3395 1277 3481 significatione·

152 3501 351 3585 Imperativi
381 3501 468 3567 hunc
508 3502 617 3568 locum
655 3504 905 3591 interpretetur,
935 3527 966 3589 p.
1001 3506 1019 3570 7
1059 3503 1141 3567 haec
1173 3500 1271 3566 dicit:

152 3606 278 3692 Hilufig
300 3606 434 3673 werden
458 3608 598 3674 Befehle
621 3608 688 3674 und
705 3608 873 3696 Auftrttge
895 3633 936 3676 an
954 3607 1148 3695 abgehende
1164 3608 1272 3673 Boten

153 3712 232 3778 oder
263 3735 305 3778 an
337 3711 390 3778 die
431 3715 476 3779 im
507 3715 622 3781 Hause
661 3716 990 3783 auriiekbleibenden
1020 3715 1189 3781 Personen
1227 3714 1272 3778 im

151 3820 235 3904 Imp.
259 3820 336 3885 Fut.
368 3818 529 3905 gegeben,
563 3820 643 3886 aber
674 3823 768 3889 nicht
800 3830 886 3890 etwa
910 3846 965 3888 um
989 3821 1052 3888 den
1075 3821 1193 3886 Befehl
1218 3819 1272 3884 da·

153 3925 256 3991 durch
280 3925 542 4012 eindringlioher
566 3951 608 3993 au
629 3929 778 4010 macheu,
802 3927 945 3994 sondern
969 3928 1045 3993 weil
1070 3928 1162 3993 seine
1186 3924 1272 3991 Ans·

152 4031 298 4118 fiihrung
330 4037 400 4099 eret
430 4034 515 4098 nach
547 4032 679 4101 Ablauf
708 4037 799 4101 einer
830 4036 996 4121 gewiseen
1027 4034 1103 4099 Zeit
1125 4032 1271 4118 mbglich

151 4139 206 4204 iet.
252 4138 367 4205 Dabar
381 4147 515 4207 missen
530 4142 592 4206 wir
607 4162 669 4207 uns
686 4141 799 4209 solche
817 4140 957 4222 Stellen,
981 4141 1045 4206 wie
1061 4139 1116 4205 Ad
1133 4139 1193 4206 351
1215 4189 1246 4204 ..
1263 4191 1271 4209 .
