2858 4696
681 251 714 301 35

617 321 778 332 -o————

136 429 184 493 sio
216 432 269 493 est
305 428 512 512 ingenium“;
542 426 588 493 ib.
624 427 706 492 540:
742 425 851 508 „Quid
881 424 1026 490 faeiem?
1060 462 1102 473 -
1131 426 1259 493 Invo-

135 535 231 600 nias
261 540 436 620 argentum
467 532 526 620 (dn
556 535 719 608 konntest
743 530 832 600 Geld
862 552 904 596 uu
930 531 1079 597 sehaffen
1104 531 1259 622 suohen);

134 641 180 706 ib.
206 641 288 708 786:
313 642 465 722 „Pariter
488 663 575 707 nune
598 662 700 726 opera
722 661 774 705 me
799 637 999 718 adiuves,
1023 659 1063 704 ao
1083 660 1120 704 ro
1138 638 1260 705 dudum

136 749 302 834 opitulata
326 752 397 829 es“;
420 749 483 813 hoo
506 769 580 813 oum
603 747 736 832 proprie
761 745 899 811 dieitur:
933 750 1085 830 potestas
1117 745 1183 811 tibi
1207 752 1260 812 est

134 877 186 919 me
210 854 400 935 adiuvandi,
424 856 453 919 si
477 854 562 920 velis
587 852 723 941 (quippe
748 875 822 919 oum
838 875 898 938 ego
923 853 958 917 in
974 852 1038 919 tali
1053 872 1165 919 rorum
1184 875 1259 920 oon-

135 962 264 1026 dioione
280 959 419 1048 verser),
443 961 542 1026 simul
558 962 690 1046 rogatio
707 961 806 1041 inest,
829 964 867 1024 ut
883 957 1030 1040 adiuvet,
1054 980 1127 1024 eam
1147 964 1259 1026 autem

135 1068 343 1151 rogationem
374 1068 486 1153 palam
516 1068 675 1153 proferre,
706 1068 762 1152 qui
785 1067 943 1152 loquitur,
971 1066 1066 1150 quasi
1089 1087 1170 1152 prae
1192 1089 1258 1132 mo·

137 1173 244 1239 destia
267 1197 332 1239 non
356 1173 467 1256 audet
491 1174 548 1240 sed
573 1174 715 1240 alterum
740 1173 985 1240 conclusionem
1008 1191 1121 1239 seeum
1148 1173 1259 1261 funere

135 1278 211 1344 vult
241 1300 277 1344 so
305 1278 339 1344 id
370 1300 499 1365 rogare.
533 1281 614 1346 Heu.
646 1280 728 1347 391:
766 1285 933 1362 „ueterum
971 1278 1013 1344 de
1046 1277 1259 1345 redduoenda

136 1383 171 1448 id
194 1386 350 1466 fauiae,
374 1385 460 1471 quod
483 1387 518 1450 in
533 1409 604 1452 rem
620 1388 665 1453 sit
686 1390 806 1452 tuam.“
841 1387 965 1468 Hooyr,
990 1386 1070 1452 700:
1094 1385 1259 1465 „Puerum

134 1492 348 1576 aooipias,
370 1515 448 1557 nam
469 1493 499 1557 is
531 1491 662 1578 quidem
692 1494 727 1558 in
761 1494 859 1579 oulpa
881 1515 947 1557 non
976 1495 1065 1571 est;“
1099 1491 1152 1559 ib.
1176 1493 1258 1560 638:

134 1599 348 1684 „eooipias
371 1604 545 1684 puerum“;
578 1600 624 1665 ib.
648 1600 730 1666 810:
758 1605 836 1681 „tua
869 1598 955 1684 quod
978 1598 1027 1664 nil
1050 1599 1163 1680 refert,
1186 1620 1258 1684 per·

135 1706 263 1770 contari
280 1704 501 1787 desinas,“
525 1707 730 1792 germaniae:
765 1709 891 1773 kannst
923 1706 966 1773 du
996 1706 1169 1787 aufhtron,
1194 1728 1257 1791 quo

133 1811 281 1876 modeste
297 1818 465 1879 monetur:
483 1813 607 1878 desino.
631 1812 755 1880 Heaut.
772 1814 853 1878 619:
874 1812 1019 1894 „videas
1035 1811 1114 1898 quid
1132 1812 1254 1894 volit;“

134 1922 330 2004 „quaeso“
363 1919 440 1984 huie
471 1918 691 1987 Comunotivo
723 1918 875 1986 additum
906 1925 959 1986 ost
988 1919 1023 1985 in
1055 1917 1143 1985 And.
1175 1918 1257 1987 305:

135 2047 275 2110 „quaeso
300 2025 418 2110 edepol
442 2025 595 2107 Charino,
619 2027 774 2112 quoniam
797 2049 863 2092 non
879 2031 992 2112 potest
1004 2024 1047 2120 ¹id
1062 2024 1145 2110 fieri,
1170 2025 1258 2111 quod

135 2133 196 2213 vis,
227 2132 263 2197 id
292 2133 426 2214 velis,
458 2133 545 2218 quod
576 2134 693 2219 possit.
747 2132 829 2200 Cum
856 2133 1033 2215 „obseoro“
1058 2133 1255 2198 ooniunotus

135 2239 460 2309 estHeaut.1049:
496 2242 618 2323 „Pater
642 2239 779 2306 obsecro
806 2240 888 2305 mihi
919 2240 1104 2326 ignosoas.“

222 2347 380 2428 Eandem,
412 2369 509 2431 quam
540 2348 687 2433 exposui,
717 2349 881 2414 rationem
912 2346 1001 2432 apud
1023 2346 1181 2416 Plautum
1204 2369 1256 2415 ox·

135 2461 225 2521 sture
250 2454 409 2540 exemplis
444 2454 612 2519 aLoohio
644 2477 684 2544 p„
701 2455 751 2520 19.
775 2454 958 2520 stallatis
982 2453 1083 2519 faoilo
1107 2459 1256 2539 apparot.

135 2560 200 2627 cfr.
231 2561 305 2626 Liv.
333 2561 449 2640 XXII,
479 2561 538 2624 53:
574 2559 632 2643 „Si
663 2562 771 2626 soiens
802 2561 895 2642 fallo,
922 2567 993 2628 tum
1023 2582 1084 2642 me,
1121 2561 1256 2646 Jupiter

135 2673 202 2752 opt.
233 2689 328 2748 max„
359 2665 490 2730 domum
520 2666 682 2732 familiam
712 2689 846 2752 remque
877 2688 984 2732 meam
1014 2668 1158 2751 pessimo
1183 2667 1254 2733 leto

135 2773 351 2838 adficias.“
387 2770 454 2839 cio.
485 2772 528 2839 ad
552 2770 627 2839 Att.
658 2773 728 2853 1V;
762 2774 818 2841 18:
858 2772 950 2854 „Quo
975 2772 1028 2837 die
1058 2772 1101 2838 ad
1123 2794 1176 2840 mo
1200 2794 1255 2839 ve·

134 2881 216 2962 nies,
240 2879 270 2944 si
291 2902 344 2945 me
367 2901 469 2962 amas,
493 2878 581 2966 apud
604 2901 656 2945 me
680 2902 754 2946 oum
776 2882 844 2946 tuis
868 2884 1064 2945 maneas.“

134 3179 208 3262 Vl.
260 3181 323 3261 De
365 3179 600 3261 enuntiatis
646 3179 967 3284 interrogativis
1008 3179 1171 3262 Iussivi
1211 3182 1256 3265 et

405 3304 656 3408 Imperativi
691 3303 982 3408 locopositis.

224 3517 263 3583 Si
286 3519 437 3604 exempla
468 3518 511 3584 ad
539 3519 625 3584 hane
656 3540 726 3584 rem
756 3517 843 3603 aqud
867 3519 1060 3585 Terentium
1084 3521 1255 3588 exstantia

134 3625 339 3708 inquirimus,
362 3627 397 3692 in
420 3625 572 3690 omnibus
596 3627 719 3691 aeriter
743 3631 778 3692 et
801 3647 874 3691 eum
896 3625 1129 3712 indignatione
1143 3626 1254 3695 iuberi

133 3729 371 3815 intellegimus.
425 3731 569 3817 Tempus
602 3739 714 3798 autem
744 3754 856 3799 eorum
887 3737 922 3799 ot
951 3755 1109 3818 praesens
1140 3739 1175 3799 et
1204 3735 1252 3803 fu·

133 3842 245 3902 turum
276 3844 337 3919 est,
368 3839 455 3904 siout
484 3839 519 3905 iu
543 3845 659 3904 nostra
688 3839 806 3925 lingua
836 3838 952 3904 eadem
974 3840 1105 3906 ratione
1128 3839 1252 3907 dieitur

63 3942 64 3946 ’
135 3949 184 4008 et:
219 3942 403 4030 sohweigst
433 3943 500 4010 du?
524 3952 574 4010 et:
608 3946 715 4012 willst
745 3945 790 4013 du
817 3945 1030 4032 schweigen‘?
1065 3944 1179 4032 Atque
1201 3968 1252 4014 ra·

133 4049 238 4114 riores
263 4051 294 4114 ei
324 4050 390 4117 looi
422 4057 509 4133 sunt,
532 4051 590 4116 ubi
618 4052 713 4118 nulla
739 4053 907 4138 particula
928 4053 1174 4139 interrogativa
1196 4053 1252 4120 ud·

133 4155 224 4221 ieota
246 4163 313 4223 est:
348 4156 436 4223 And.
461 4157 541 4224 751:
576 4157 727 4242 „diotura
743 4181 788 4243 es,
805 4158 892 4247 quod
905 4158 1031 4248 rogo?“
1070 4161 1153 4227 Eun.
1169 4161 1252 4231 536:
