2858 4696
707 255 723 304 6

152 429 299 494 futurum
314 429 463 494 naturali
479 429 620 514 quadam
636 431 840 496 necessitate
852 430 987 496 videtur
1001 451 1100 516 posse
1117 432 1276 517 accipere.

153 535 204 601 Ea
228 537 351 600 etenim
374 537 583 623 imperamus,
608 559 691 622 quae
715 539 830 604 stetim
858 539 893 602 in
917 543 1093 623 praesente
1123 536 1276 602 volumus

153 640 226 705 fieri
250 642 322 706 sine
339 641 451 727 aliqua
468 642 630 709 dilatione
648 651 709 710 etc.
756 644 850 720 Quae
867 644 973 710 verba
989 650 1104 730 aperte
1121 650 1276 730 corrupta

154 747 341 834 Krarupius
364 750 400 813 in
425 753 703 817 commentatione
734 773 794 816 sua
821 751 881 830 „de
912 756 1033 816 natura
1065 757 1100 816 et
1129 772 1191 815 usu
1214 752 1277 814 Im·

152 856 299 940 perativi
323 877 375 941 ap.
398 857 559 922 Latinos“
585 881 616 943 p.
642 860 682 923 17
706 860 757 924 ita
773 858 974 938 emendavit,
997 864 1035 923 ut
1058 863 1136 943 post
1162 857 1273 939 „fieri“

152 961 317 1027 insereret
350 963 425 1044 „vel
449 964 484 1028 in
514 965 656 1046 futuro,“
691 964 777 1050 qnod
809 963 898 1050 apud
921 964 1118 1030 Putschium
1148 985 1179 1048 p.
1211 964 1275 1030 806

151 1068 332 1150 invenitur,
365 1075 398 1134 et
424 1091 484 1154 pro
519 1072 630 1152 „sine“
665 1071 829 1137 scriberet
862 1073 982 1152 „sive.“
1032 1070 1140 1146 Quam
1171 1091 1277 1134 emen·

153 1174 322 1241 dationem
346 1177 478 1242 etiamsi
500 1178 689 1262 probamus,
713 1185 826 1245 tamen
856 1180 907 1243 ita
937 1183 1069 1243 tantum
1099 1177 1154 1241 hic
1184 1176 1277 1241 locus

151 1281 399 1368 intellegendus
425 1289 486 1366 est,
509 1285 544 1350 in
561 1285 783 1370 imperative,
815 1284 850 1350 id
873 1291 926 1351 est
949 1286 983 1349 in
1006 1289 1148 1368 utraque
1172 1283 1278 1349 forma

153 1389 224 1454 eius
254 1391 304 1455 ita
333 1411 492 1475 praesens
523 1398 561 1457 ut
592 1392 740 1458 futurum
770 1397 901 1476 tempus
933 1392 1043 1456 inesse
1074 1412 1181 1476 posse,
1210 1412 1277 1455 non

153 1501 273 1578 autem,
313 1497 399 1581 quod
435 1497 496 1563 ille
537 1497 669 1564 efficere
708 1498 793 1580 vult,
833 1498 943 1564 altera
973 1498 1079 1564 forma
1109 1517 1276 1582 praesens,

153 1602 262 1668 altera
284 1605 432 1669 futurum
456 1605 628 1670 contineri.

241 1711 336 1776 Inter
351 1713 554 1776 recentiores
567 1711 725 1776 Holtzius
737 1711 760 1776 1.
771 1711 794 1775 1.
806 1711 852 1776 ΙΙ.
865 1734 895 1797 p.
910 1712 974 1776 134
986 1711 1017 1776 J.
1025 1711 1068 1776 N.
1091 1709 1275 1777 Schmidtio

152 1818 340 1883 assentiens
371 1839 443 1882 eam
475 1819 543 1883 vim
574 1818 734 1903 plenioris
765 1819 891 1884 formae
923 1839 995 1884 esse
1027 1817 1208 1898 contendit,
1238 1823 1277 1883 ut

58 2013 60 2017 y
151 1913 230 1990 hac¹
251 1924 450 2009 postuletur,
487 1930 527 1990 ut
563 1926 686 1991 iterum
719 1930 819 2010 atque
850 1925 983 2010 saepius
1021 1923 1055 1990 id
1086 1923 1154 2005 fiat,
1190 1922 1275 2008 quod
1375 1949 1376 1953 ¹

151 2030 342 2116 imperetur,
365 2030 520 2096 breviore
545 2038 665 2114 autem,
696 2038 735 2098 ut
758 2032 862 2098 semel
890 2030 959 2097 fiat.
1005 2031 1102 2096 Hanc
1134 2030 1276 2115 explica·

151 2137 277 2202 tionem
299 2136 335 2202 in
357 2138 452 2224 leges
475 2145 608 2205 tantum
632 2146 666 2205 et
688 2143 869 2225 praecepta
897 2137 1069 2223 quadrare,
1100 2145 1276 2221 praeterea

153 2249 264 2310 autem
286 2244 386 2329 plane
409 2245 530 2311 falsam
546 2268 628 2327 esse,
651 2246 710 2311 ubi
726 2248 799 2331 quis
824 2244 975 2328 exempla
998 2243 1041 2308 ad
1060 2266 1131 2308 eam
1155 2266 1224 2309 rem
1240 2245 1275 2308 in

151 2350 250 2416 libris
274 2352 444 2418 exstantia
466 2353 658 2438 inspexerit,
686 2353 786 2418 facile
816 2351 1044 2436 intellegetur.
1092 2349 1206 2436 Atque
1237 2355 1276 2416 ut
1402 2415 1405 2421 .

153 2456 194 2522 de
217 2458 347 2542 ingenti
369 2458 584 2526 multitudine
607 2483 713 2546 pauca
737 2459 883 2543 afferam,
914 2459 949 2522 in
973 2458 1083 2524 Plaut
1103 2457 1172 2524 mil.
1190 2459 1274 2543 glor.

153 2564 219 2630 480
241 2565 324 2630 haec
356 2572 450 2631 sunt:
481 2568 567 2631 Erus
598 2568 628 2632 si
660 2568 783 2646 veniet,
815 2567 844 2630 si
873 2587 926 2630 me
950 2571 1097 2650 quaeret,
1129 2565 1184 2629 hic
1218 2587 1273 2630 ero

152 2670 230 2736 hinc
261 2693 313 2736 me
345 2674 583 2754 arcessit03
614 2674 659 2738 ib.
683 2673 750 2740 524
773 2695 836 2758 sq.:
873 2679 959 2757 post,
991 2671 1120 2757 quando
1154 2671 1274 2737 exierit

153 2777 332 2845 Sceledrus
356 2801 377 2844 a
398 2779 505 2861 nobis,
530 2780 596 2846 cito
621 2781 922 2846 transcurrito
947 2778 989 2843 ad
1013 2801 1084 2844 vos.
1131 2778 1198 2844 Cic.
1213 2799 1272 2863 pro

153 2885 260 2953 Sulla.
307 2887 369 2951 XI.
393 2887 485 2966 §332
510 2886 729 2952 Adestcte
753 2908 865 2952 omnes
889 2886 1018 2966 animis,
1049 2886 1105 2969 qui
1137 2883 1273 2965 adestis,

154 2992 356 3079 corporibus,
380 3014 516 3077 quorum
541 3016 602 3079 ego
626 2994 814 3078 frequentia
837 3011 1038 3076 magnopere
1061 2991 1180 3057 laetor.

243 3092 446 3184 altinoque
471 3101 502 3165 ei
525 3101 623 3186 pauci
645 3099 833 3165 breviorem
857 3100 996 3164 formam
1015 3098 1275 3183 „Imperativum

154 3207 362 3291 praesentis“
386 3206 529 3272 alteram
552 3208 811 3292 „Imperativum
828 3208 951 3273 futuri“
968 3206 1225 3292 appellaverunt
1241 3212 1276 3272 et

153 3313 216 3379 hoc
246 3313 336 3379 inter
367 3334 423 3379 eas
459 3312 634 3380 discrimen
666 3319 867 3395 statuerunt,
897 3320 935 3379 ut
965 3312 1028 3378 illa
1050 3311 1093 3379 ad
1117 3335 1167 3393 ea,
1190 3333 1274 3396 quae

155 3420 329 3506 extemplo,
353 3418 435 3485 haec
459 3419 502 3484 ad
527 3441 575 3502 ea,
598 3442 682 3505 quae
705 3422 884 3485 remotiore
907 3425 1055 3505 tempore
1071 3418 1274 3504 perficienda

155 3535 276 3609 essent,
310 3528 504 3613 pertineret.
561 3525 708 3601 Quorum
740 3527 775 3591 in
814 3548 949 3592 numero
983 3526 1145 3610 imprimis
1180 3530 1273 3589 sunt:

154 3635 341 3722 Krarupius
365 3631 457 3721 (vide
482 3631 596 3722 supra)
620 3633 793 3718 Zumptius
817 3634 852 3697 in
869 3655 973 3718 gram.
996 3632 1057 3698 lat.
1080 3631 1194 3713 §583‚
1213 3632 1273 3697 alii

153 3742 260 3808 multi.
305 3743 478 3807 Postremo
494 3739 640 3806 Lochias
656 3742 691 3804 in
708 3739 946 3825 disputationis
963 3760 1043 3804 suae
1059 3760 1143 3823 quae
1159 3739 1274 3805 inscri-

154 3847 246 3914 bitur
272 3848 373 3930 „Zum
390 3846 569 3914 Gebrauch
585 3846 643 3912 des
659 3848 884 3933 Imperetivus
903 3846 960 3912 bei
977 3844 1138 3910 Plautus“
1158 3846 1273 3930 Progr.

154 3954 276 4021 Memel
302 3955 397 4034 1871,
420 3955 587 4040 particule
610 3955 717 4041 prima
741 3955 812 4040 egit
835 3952 875 4017 de
895 3953 1119 4037 „Imperativo
1137 3953 1270 4032 futnri,“

155 4067 189 4127 et
212 4061 326 4127 multis
350 4061 510 4147 exemplis
535 4083 575 4126 ex
599 4061 712 4127 Plauti
740 4059 865 4125 fabulis
897 4060 1038 4144 sumptis
1061 4059 1149 4124 hunc
1178 4081 1273 4124 usum

153 4168 273 4234 fulcire
321 4167 444 4235 studet.
506 4167 606 4237 Cuius
649 4190 783 4254 operam
824 4189 898 4233 cum
951 4168 1003 4233 vir
1050 4166 1271 4250 doctissimus,
