2858 4696
734 239 767 289 26

277 410 314 498 4)
337 433 495 497 quaeso
520 418 562 479 et
584 434 667 478 oro.
713 411 886 494 „Quaeso“
910 434 984 477 oum
1008 411 1051 478 ad
1065 412 1234 478 Iussivum
1251 413 1308 477 vel

189 518 429 602 imperativum
472 518 625 600 adioitur,
668 519 810 584 humane
846 524 880 583 et
914 518 1127 583 familiariter
1161 518 1309 582 hortatio

191 623 305 707 aliqua
343 624 552 704 enuntiatur;
592 646 652 690 nos
692 624 806 690 eadem
845 626 985 705 ratione,
1025 624 1180 689 dicimus:
1214 624 1311 689 bitte.

163 808 166 818 Ι
191 727 257 804 Qui
272 731 323 794 ita
337 729 494 814 loquitur,
510 732 606 816 quasi
622 731 785 797 modestia
802 753 863 796 sua
877 730 1148 795 benevolentiam
1169 731 1310 794 alterius

191 835 257 914 sibi
287 836 466 901 eonciliare
495 838 579 914 vult,
613 859 675 922 quo
707 839 815 923 magis
847 836 889 901 ad
921 857 960 901 ea
983 835 1137 901 facienda
1159 836 1310 917 inclinet,

192 963 275 1026 quae
297 943 370 1027 ipse
394 964 465 1007 eum
490 948 612 1008 monet.
658 942 746 1008 And.
770 945 805 1010 8:
841 944 967 1027 „Nune
997 964 1096 1026 quam
1122 964 1192 1006 rem
1224 944 1309 1008 vitio

192 1046 279 1128 dent,
304 1070 461 1133 quaeso
486 1049 630 1113 animum
654 1049 838 1114 attendite“
867 1056 901 1114 et
924 1049 1045 1113 Heaut.
1070 1051 1108 1115 8:
1132 1070 1308 1133 „quaeso

191 1154 276 1218 hano
298 1156 446 1220 nosoite“
469 1161 569 1240 poeta
593 1155 635 1221 ad
660 1161 866 1240 spectatores
891 1154 982 1235 dieit,
1006 1159 1044 1220 ut
1068 1176 1124 1219 eos
1144 1157 1311 1240 propitios

191 1259 257 1324 sibi
291 1260 421 1326 reddat.
487 1259 574 1326 And.
614 1263 692 1327 323:
737 1262 831 1343 „huie
868 1261 920 1327 die
961 1282 1120 1346 quaeso
1161 1262 1312 1345 Byrria.“

190 1366 313 1432 Heaut.
339 1368 417 1432 164:
450 1389 629 1452 „quaeso
653 1368 788 1433 tandem
819 1367 1064 1453 aliquantulum
1097 1366 1161 1432 tibi
1184 1371 1313 1452 paree,“

190 1471 309 1557 quibus
342 1473 453 1538 verbis
486 1473 641 1539 Chremes
673 1474 903 1540 Menedemum
935 1479 1096 1560 perpetuo
1127 1473 1244 1538 labore
1275 1494 1311 1538 se

192 1577 422 1644 oonfioientem
461 1579 607 1666 benigne
651 1581 694 1645 ad
738 1581 970 1666 quiescendum
1012 1599 1147 1644 movere
1188 1578 1310 1644 studet.

191 1684 322 1751 Phorm.
347 1686 427 1750 670:
459 1708 659 1771 „quaeso,
684 1708 745 1772 ego
771 1687 866 1768 dabo,
883 1689 1043 1772 quiesee,“
1089 1685 1211 1750 Heaut.
1229 1685 1310 1750 971:

191 1793 303 1876 „prius
336 1815 496 1878 quaeso
531 1792 630 1875 disee,
673 1794 751 1879 quid
791 1795 836 1858 sit
867 1794 1011 1857 vivere.“
1066 1791 1197 1856 Phorm.
1230 1791 1311 1858 141:

192 1920 297 1980 „nuno
339 1901 456 1965 amitte
501 1920 664 1985 quaeso
707 1901 822 1965 hune.“
888 1898 1020 1964 Phorm.
1056 1898 1137 1965 350:
1173 1897 1310 1979 „adeste

192 2010 348 2091 qaeso.“
401 2006 483 2071 Hee.
514 2006 594 2073 803:
630 2006 702 2088 „dio
736 2007 811 2072 dum
837 2006 920 2070 mihi
944 2008 1122 2090 quaeso“
1145 2005 1309 2069 Parmeno

192 2111 234 2177 ab
259 2111 368 2177 alieno
393 2113 532 2198 quodam
555 2114 652 2198 petit,
676 2135 772 2198 quem
789 2117 992 2198 „quaead‘
1011 2111 1161 2177 modeste
1184 2110 1309 2176 addens

191 2213 371 2303 propitium
401 2217 539 2284 reddere
571 2219 693 2301 studet,
716 2225 755 2303 ut
777 2219 844 2284 sibi
865 2217 1076 2303 respondeat.
1120 2217 1204 2282 Eun.
1228 2217 1309 2282 562:

192 2345 311 2404 „narra
344 2326 431 2391 istun
470 2348 648 2411 quaeso,
687 2326 766 2412 quid
799 2327 873 2392 sit.“
919 2323 1064 2409 Adelph.
1095 2324 1174 2388 190:
1210 2323 1310 2404 „illue

192 2452 355 2515 quaeso
378 2431 460 2513 redi,
484 2455 546 2517 quo
571 2435 738 2519 coepisti.“
774 2430 855 2498 Oum
870 2432 1074 2516 Imperativo
1101 2431 1310 2497 ooniunetum

193 2538 302 2602 estin
326 2537 391 2603 Ad.
415 2539 495 2605 808:
531 2562 709 2624 „quaeso
732 2540 794 2605 hoe
817 2540 920 2604 faoito
936 2544 1047 2604 tecum
1073 2539 1229 2623 eogites,“
1252 2534 1310 2599 ubi

192 2665 274 2708 voce
298 2666 451 2729 „quaes
465 2648 502 2710 o“
526 2648 579 2710 vis
602 2647 801 2733 Imperativi
831 2646 934 2711 faeito
959 2650 1172 2730 temperatur,
1195 2648 1233 2709 ut
1256 2640 1310 2707 ad-

192 2749 340 2816 hortatio
372 2774 567 2837 quamquam
599 2754 777 2818 vehemens
812 2759 924 2818 tamon
957 2753 1059 2818 etiam
1082 2750 1228 2833 benigna
1252 2750 1313 2829 sit3

194 2878 282 2938 oro,
305 2859 340 2922 in
365 2881 427 2943 quo
452 2859 567 2925 eadem
585 2861 637 2924 vis
662 2865 724 2940 est,
748 2866 848 2943 atque
864 2860 898 2922 in
915 2879 1047 2942 quaeso,
1071 2855 1172 2919 semel
1196 2855 1230 2917 in
1253 2853 1313 2917 To·

193 2964 295 3027 rentii
318 2962 443 3032 fabulis
459 2968 591 3032 lussivo
612 2965 779 3033 adiectum
801 2965 945 3050 legitur:
981 2963 1065 3028 Eun.
1083 2962 1163 3026 912:
1200 2981 1313 3042 „move

193 3075 228 3134 te
252 3092 323 3136 oro
349 3073 450 3155 oeius,
473 3095 547 3139 mea
570 3075 713 3139 nutrix.“

282 3175 319 3264 5)
342 3179 414 3244 sis.
467 3180 519 3246 De
552 3180 614 3245 hoe
645 3179 798 3244 Donatus
830 3176 873 3242 ad
902 3177 986 3242 Eun.
1018 3175 1081 3256 IV,
1113 3175 1142 3255 7,
1173 3175 1216 3239 29
1247 3175 1314 3239 ita:

194 3281 282 3357 Quia
305 3285 512 3370 Imperativa
534 3291 612 3351 sunt
636 3285 883 3364 contumeliosa,
908 3279 1078 3348 addebant
1102 3286 1235 3346 veteres
1259 3281 1315 3361 sis,

194 3388 281 3473 quod
303 3391 488 3477 signifieat:
524 3393 550 3457 si
576 3393 638 3457 vis.
684 3391 840 3456 Klotzins
873 3389 915 3454 ad
939 3388 1028 3455 And.
1058 3388 1101 3454 85
1117 3387 1200 3452 haee
1217 3385 1314 3453 dioit:

194 3496 240 3561 Es
264 3519 334 3562 war
357 3497 550 3565 Grundsatz
575 3497 633 3563 der
657 3498 790 3578 Rdmer,
813 3498 878 3562 wie
895 3496 986 3560 eines
1005 3493 1103 3580 jeden
1121 3491 1315 3577 gebildeten

195 3603 325 3670 Volkes
357 3604 415 3670 des
446 3603 645 3685 Altertums,
675 3603 803 3669 sowohl
841 3604 887 3667 im
919 3601 1134 3668 dffentliehen
1174 3601 1238 3665 wie
1269 3600 1315 3665 im

195 3711 424 3793 Privatleben,
446 3711 503 3777 bei
525 3712 704 3796 Erteilung
727 3711 820 3775 eines
835 3708 1000 3794 Auftrags
1025 3707 1104 3772 oder
1127 3708 1182 3771 bei
1198 3706 1316 3792 irgend

197 3820 288 3883 einer
312 3817 570 3903 Aufforderung,
592 3818 710 3903 irgend
736 3824 841 3883 etwas
866 3838 908 3881 zu
930 3817 1012 3882 thun
1038 3814 1117 3880 oder
1137 3837 1179 3879 zu
1194 3814 1315 3893 lassen,
1401 3817 1411 3826 '

197 3925 257 3990 das
280 3923 490 4004 Vernaltnis,
513 3925 547 3990 in
574 3925 737 3990 welchem
760 3924 813 3989 die
838 3925 911 3988 eine
942 3925 1069 3988 Person
1094 3920 1173 3986 oder
1200 3920 1316 3984 Partei

198 4031 256 4096 der
286 4030 431 4096 anderen
464 4031 657 4117 gegeniiber
681 4031 731 4096 als
756 4030 938 4116 iiberlegen
971 4028 1050 4094 oder
1081 4025 1315 4112 tonangebend

198 4139 374 4220 ersoheint,
398 4137 501 4207 duroh
526 4139 621 4205 einen
645 4139 778 4220 Zusatz,
797 4136 943 4204 welober
959 4135 1016 4201 der
1032 4133 1177 4200 anderen
1190 4135 1315 4199 Person
