<?xml version="1.0" encoding="UTF-8"?>
<!DOCTYPE html PUBLIC "-//W3C//DTD XHTML 1.0 Transitional//EN"
    "http://www.w3.org/TR/xhtml1/DTD/xhtml1-transitional.dtd">
<html xmlns="http://www.w3.org/1999/xhtml" xml:lang="en" lang="en">
 <head>
  <title>
</title>
<meta http-equiv="Content-Type" content="text/html;charset=utf-8" />
  <meta name='ocr-system' content='tesseract 3.04.00' />
  <meta name='ocr-capabilities' content='ocr_page ocr_carea ocr_par ocr_line ocrx_word'/>
</head>
<body>
  <div class='ocr_page' id='page_1' title='image "./denaturaatqueus00stahgoog_0038.png"; bbox 0 0 2858 4696; ppageno 0'>
   <div class='ocr_carea' id='block_1_1' title="bbox 674 238 708 292">
    <p class='ocr_par' dir='ltr' id='par_1_1' title="bbox 674 238 708 292">
     <span class='ocr_line' id='line_1_1' title="bbox 674 238 708 292; baseline -0.029 0"><span class='ocrx_word' id='word_1_1' title='bbox 674 238 708 292; x_wconf 83' lang='grc'><strong>33</strong></span> 
     </span>
    </p>
   </div>
   <div class='ocr_carea' id='block_1_2' title="bbox 611 314 772 322">
    <p class='ocr_par' dir='ltr' id='par_1_2' title="bbox 611 314 772 322">
     <span class='ocr_line' id='line_1_2' title="bbox 611 314 772 322; baseline 0 -1"><span class='ocrx_word' id='word_1_2' title='bbox 611 314 772 322; x_wconf 73' lang='grc' dir='ltr'><strong>-ιι-</strong></span> 
     </span>
    </p>
   </div>
   <div class='ocr_carea' id='block_1_3' title="bbox 74 416 1341 4132">
    <p class='ocr_par' dir='ltr' id='par_1_3' title="bbox 74 416 1341 4132">
     <span class='ocr_line' id='line_1_3' title="bbox 126 416 1254 509; baseline -0.004 -20"><span class='ocrx_word' id='word_1_3' title='bbox 126 423 259 509; x_wconf 89' lang='lat' dir='ltr'><strong>propris</strong></span> <span class='ocrx_word' id='word_1_4' title='bbox 284 422 389 507; x_wconf 86' lang='lat' dir='ltr'><strong>igitur</strong></span> <span class='ocrx_word' id='word_1_5' title='bbox 403 441 470 485; x_wconf 92' lang='lat' dir='ltr'><strong>non</strong></span> <span class='ocrx_word' id='word_1_6' title='bbox 485 419 621 485; x_wconf 88' lang='lat' dir='ltr'><strong>iubetur</strong></span> <span class='ocrx_word' id='word_1_7' title='bbox 639 439 676 484; x_wconf 90' lang='lat' dir='ltr'><strong>eo</strong></span> <span class='ocrx_word' id='word_1_8' title='bbox 694 416 830 503; x_wconf 85' lang='lat' dir='ltr'><strong>aliquid,</strong></span> <span class='ocrx_word' id='word_1_9' title='bbox 854 416 914 483; x_wconf 91' lang='lat' dir='ltr'><strong>sed</strong></span> <span class='ocrx_word' id='word_1_10' title='bbox 929 421 1132 502; x_wconf 86' lang='lat' dir='ltr'><strong>potestatem</strong></span> <span class='ocrx_word' id='word_1_11' title='bbox 1147 417 1254 492; x_wconf 78' lang='lat' dir='ltr'><strong>alteri</strong></span> 
     </span>
     <span class='ocr_line' id='line_1_4' title="bbox 128 524 1253 611; baseline -0.003 -17"><span class='ocrx_word' id='word_1_12' title='bbox 128 551 200 596; x_wconf 88' lang='lat' dir='ltr'><strong>esse</strong></span> <span class='ocrx_word' id='word_1_13' title='bbox 232 529 355 593; x_wconf 89' lang='lat' dir='ltr'><strong>dicitur</strong></span> <span class='ocrx_word' id='word_1_14' title='bbox 386 525 514 611; x_wconf 90' lang='lat' dir='ltr'><strong>aliquid</strong></span> <span class='ocrx_word' id='word_1_15' title='bbox 545 524 707 605; x_wconf 89' lang='lat' dir='ltr'><strong>faciendi;</strong></span> <span class='ocrx_word' id='word_1_16' title='bbox 740 546 813 590; x_wconf 90' lang='lat' dir='ltr'><strong>cum</strong></span> <span class='ocrx_word' id='word_1_17' title='bbox 845 529 956 590; x_wconf 91' lang='lat' dir='ltr'><strong>autem</strong></span> <span class='ocrx_word' id='word_1_18' title='bbox 987 524 1049 590; x_wconf 91' lang='lat' dir='ltr'><strong>hoc</strong></span> <span class='ocrx_word' id='word_1_19' title='bbox 1081 525 1129 607; x_wconf 87' lang='lat' dir='ltr'><strong>fit,</strong></span> <span class='ocrx_word' id='word_1_20' title='bbox 1153 526 1253 599; x_wconf 88' lang='lat' dir='ltr'><strong>simul</strong></span> 
     </span>
     <span class='ocr_line' id='line_1_5' title="bbox 74 630 1253 723; baseline -0.003 -21"><span class='ocrx_word' id='word_1_21' title='bbox 74 719 76 723; x_wconf 11' lang='lat' dir='ltr'>y</span> <span class='ocrx_word' id='word_1_22' title='bbox 127 636 318 702; x_wconf 79' lang='lat' dir='ltr'><strong>adhortatio</strong></span> <span class='ocrx_word' id='word_1_23' title='bbox 350 634 475 714; x_wconf 89' lang='lat' dir='ltr'><strong>subest,</strong></span> <span class='ocrx_word' id='word_1_24' title='bbox 506 638 544 697; x_wconf 89' lang='lat' dir='ltr'><strong>ut</strong></span> <span class='ocrx_word' id='word_1_25' title='bbox 574 634 687 698; x_wconf 88' lang='lat' dir='ltr'><strong>faciat.</strong></span> <span class='ocrx_word' id='word_1_26' title='bbox 743 630 781 701; x_wconf 82' lang='lat' dir='ltr'><strong>¹Si</strong></span> <span class='ocrx_word' id='word_1_27' title='bbox 810 632 952 716; x_wconf 82' lang='lat' dir='ltr'><strong>exempli</strong></span> <span class='ocrx_word' id='word_1_28' title='bbox 976 633 1089 717; x_wconf 85' lang='lat' dir='ltr'><strong>gratia</strong></span> <span class='ocrx_word' id='word_1_29' title='bbox 1113 631 1253 699; x_wconf 89' lang='lat' dir='ltr'><strong>dicitur:</strong></span> 
     </span>
     <span class='ocr_line' id='line_1_6' title="bbox 130 738 1251 825; baseline 0.002 -19"><span class='ocrx_word' id='word_1_30' title='bbox 130 742 213 824; x_wconf 88' lang='lat' dir='ltr'><strong>„hoo</strong></span> <span class='ocrx_word' id='word_1_31' title='bbox 235 743 369 823; x_wconf 80' lang='lat' dir='ltr'><strong>facias,“</strong></span> <span class='ocrx_word' id='word_1_32' title='bbox 396 739 431 804; x_wconf 90' lang='lat' dir='ltr'><strong>id</strong></span> <span class='ocrx_word' id='word_1_33' title='bbox 454 741 587 825; x_wconf 82' lang='lat' dir='ltr'>proprie</span> <span class='ocrx_word' id='word_1_34' title='bbox 611 740 724 805; x_wconf 87' lang='lat' dir='ltr'><strong>valet:</strong></span> <span class='ocrx_word' id='word_1_35' title='bbox 763 739 848 819; x_wconf 88' lang='lat' dir='ltr'><strong>„tibi</strong></span> <span class='ocrx_word' id='word_1_36' title='bbox 872 740 968 824; x_wconf 89' lang='lat' dir='ltr'><strong>copia</strong></span> <span class='ocrx_word' id='word_1_37' title='bbox 999 738 1145 804; x_wconf 88' lang='lat' dir='ltr'><strong>faciendi</strong></span> <span class='ocrx_word' id='word_1_38' title='bbox 1170 744 1251 822; x_wconf 80' lang='lat' dir='ltr'><strong>est,“</strong></span> 
     </span>
     <span class='ocr_line' id='line_1_7' title="bbox 129 845 1253 928; baseline -0.003 -14"><span class='ocrx_word' id='word_1_39' title='bbox 129 870 166 914; x_wconf 89' lang='lat' dir='ltr'><strong>eo</strong></span> <span class='ocrx_word' id='word_1_40' title='bbox 191 847 498 914; x_wconf 83' lang='grc'><strong>0010101100011110</strong></span> <span class='ocrx_word' id='word_1_41' title='bbox 516 853 684 912; x_wconf 89' lang='lat' dir='ltr'><strong>monetur:</strong></span> <span class='ocrx_word' id='word_1_42' title='bbox 720 847 791 927; x_wconf 70' lang='lat' dir='ltr'><strong>fac,</strong></span> <span class='ocrx_word' id='word_1_43' title='bbox 816 847 989 928; x_wconf 82' lang='grc'><strong>0101111100,</strong></span> <span class='ocrx_word' id='word_1_44' title='bbox 1007 868 1079 911; x_wconf 90' lang='lat' dir='ltr'><strong>oum</strong></span> <span class='ocrx_word' id='word_1_45' title='bbox 1097 845 1253 914; x_wconf 78' lang='lat' dir='ltr'><strong>dicimus:</strong></span> 
     </span>
     <span class='ocr_line' id='line_1_8' title="bbox 128 953 1253 1035; baseline 0.001 -16"><span class='ocrx_word' id='word_1_46' title='bbox 128 954 172 1020; x_wconf 91' lang='lat' dir='ltr'><strong>du</strong></span> <span class='ocrx_word' id='word_1_47' title='bbox 201 955 363 1021; x_wconf 81' lang='lat' dir='ltr'><strong>kc&#39;nntest</strong></span> <span class='ocrx_word' id='word_1_48' title='bbox 394 953 453 1019; x_wconf 88' lang='lat' dir='ltr'><strong>das</strong></span> <span class='ocrx_word' id='word_1_49' title='bbox 485 953 579 1035; x_wconf 89' lang='lat' dir='ltr'><strong>thun,</strong></span> <span class='ocrx_word' id='word_1_50' title='bbox 608 953 788 1034; x_wconf 80' lang='lat' dir='ltr'>hortamur,</span> <span class='ocrx_word' id='word_1_51' title='bbox 821 958 859 1018; x_wconf 90' lang='lat' dir='ltr'><strong>ut</strong></span> <span class='ocrx_word' id='word_1_52' title='bbox 891 954 994 1030; x_wconf 83' lang='lat' dir='ltr'><strong>etiam</strong></span> <span class='ocrx_word' id='word_1_53' title='bbox 1021 953 1090 1019; x_wconf 86' lang='lat' dir='ltr'><strong>fiat.</strong></span> <span class='ocrx_word' id='word_1_54' title='bbox 1137 955 1253 1021; x_wconf 79' lang='lat' dir='ltr'><strong>Talem</strong></span> 
     </span>
     <span class='ocr_line' id='line_1_9' title="bbox 127 1058 1254 1146; baseline 0.001 -20"><span class='ocrx_word' id='word_1_55' title='bbox 127 1061 386 1127; x_wconf 79' lang='lat' dir='ltr'><strong>admonitionem</strong></span> <span class='ocrx_word' id='word_1_56' title='bbox 416 1082 543 1126; x_wconf 88' lang='lat' dir='ltr'><strong>summa</strong></span> <span class='ocrx_word' id='word_1_57' title='bbox 576 1082 648 1126; x_wconf 94' lang='lat' dir='ltr'><strong>cum</strong></span> <span class='ocrx_word' id='word_1_58' title='bbox 679 1058 844 1125; x_wconf 89' lang='lat' dir='ltr'><strong>modestia</strong></span> <span class='ocrx_word' id='word_1_59' title='bbox 871 1060 1081 1145; x_wconf 88' lang='lat' dir='ltr'><strong>pronuntiari</strong></span> <span class='ocrx_word' id='word_1_60' title='bbox 1104 1067 1254 1146; x_wconf 84' lang='lat' dir='ltr'><strong>apparet,</strong></span> 
     </span>
     <span class='ocr_line' id='line_1_10' title="bbox 129 1167 1253 1253; baseline 0.004 -21"><span class='ocrx_word' id='word_1_61' title='bbox 129 1169 223 1252; x_wconf 81' lang='lat' dir='ltr'><strong>quasi</strong></span> <span class='ocrx_word' id='word_1_62' title='bbox 246 1169 318 1253; x_wconf 91' lang='lat' dir='ltr'><strong>quis</strong></span> <span class='ocrx_word' id='word_1_63' title='bbox 341 1189 476 1252; x_wconf 89' lang='lat' dir='ltr'><strong>prorsus</strong></span> <span class='ocrx_word' id='word_1_64' title='bbox 509 1188 591 1248; x_wconf 78' lang='lat' dir='ltr'><strong>eum,</strong></span> <span class='ocrx_word' id='word_1_65' title='bbox 623 1188 762 1251; x_wconf 90' lang='lat' dir='ltr'><strong>quocum</strong></span> <span class='ocrx_word' id='word_1_66' title='bbox 791 1167 948 1250; x_wconf 86' lang='lat' dir='ltr'><strong>loquitur,</strong></span> <span class='ocrx_word' id='word_1_67' title='bbox 973 1169 1253 1238; x_wconf 81' lang='lat' dir='ltr'><strong>commonefacere</strong></span> 
     </span>
     <span class='ocr_line' id='line_1_11' title="bbox 126 1273 1254 1358; baseline 0.002 -19"><span class='ocrx_word' id='word_1_68' title='bbox 126 1296 192 1339; x_wconf 90' lang='lat' dir='ltr'><strong>non</strong></span> <span class='ocrx_word' id='word_1_69' title='bbox 216 1273 348 1356; x_wconf 85' lang='lat' dir='ltr'><strong>audeat,</strong></span> <span class='ocrx_word' id='word_1_70' title='bbox 372 1273 440 1355; x_wconf 89' lang='lat' dir='ltr'><strong>sed,</strong></span> <span class='ocrx_word' id='word_1_71' title='bbox 472 1296 546 1339; x_wconf 89' lang='lat' dir='ltr'><strong>oum</strong></span> <span class='ocrx_word' id='word_1_72' title='bbox 576 1278 781 1358; x_wconf 88' lang='lat' dir='ltr'><strong>potestatem</strong></span> <span class='ocrx_word' id='word_1_73' title='bbox 804 1273 949 1340; x_wconf 86' lang='lat' dir='ltr'><strong>faciendi</strong></span> <span class='ocrx_word' id='word_1_74' title='bbox 976 1295 1048 1340; x_wconf 90' lang='lat' dir='ltr'><strong>esse</strong></span> <span class='ocrx_word' id='word_1_75' title='bbox 1073 1274 1254 1357; x_wconf 68' lang='grc'><strong>(1100110-</strong></span> 
     </span>
     <span class='ocr_line' id='line_1_12' title="bbox 126 1381 1254 1467; baseline 0.004 -23"><span class='ocrx_word' id='word_1_76' title='bbox 126 1381 251 1446; x_wconf 90' lang='lat' dir='ltr'><strong>luntati</strong></span> <span class='ocrx_word' id='word_1_77' title='bbox 284 1383 354 1446; x_wconf 90' lang='lat' dir='ltr'><strong>eius</strong></span> <span class='ocrx_word' id='word_1_78' title='bbox 384 1382 568 1467; x_wconf 87' lang='lat' dir='ltr'><strong>permittat,</strong></span> <span class='ocrx_word' id='word_1_79' title='bbox 600 1402 678 1445; x_wconf 92' lang='lat' dir='ltr'><strong>num</strong></span> <span class='ocrx_word' id='word_1_80' title='bbox 709 1381 822 1446; x_wconf 89' lang='lat' dir='ltr'><strong>faciat.</strong></span> <span class='ocrx_word' id='word_1_81' title='bbox 873 1381 995 1466; x_wconf 90' lang='lat' dir='ltr'><strong>Itaque</strong></span> <span class='ocrx_word' id='word_1_82' title='bbox 1026 1382 1254 1464; x_wconf 79' lang='grc'><strong>1111000011-</strong></span> 
     </span>
     <span class='ocr_line' id='line_1_13' title="bbox 125 1486 1253 1573; baseline 0.004 -21"><span class='ocrx_word' id='word_1_83' title='bbox 125 1489 276 1572; x_wconf 89' lang='lat' dir='ltr'><strong>iunctivo</strong></span> <span class='ocrx_word' id='word_1_84' title='bbox 300 1509 400 1573; x_wconf 89' lang='lat' dir='ltr'><strong>saepe</strong></span> <span class='ocrx_word' id='word_1_85' title='bbox 424 1489 478 1552; x_wconf 87' lang='lat' dir='ltr'><strong>vis</strong></span> <span class='ocrx_word' id='word_1_86' title='bbox 495 1487 650 1554; x_wconf 84' lang='lat' dir='ltr'><strong>suadenti</strong></span> <span class='ocrx_word' id='word_1_87' title='bbox 667 1489 765 1569; x_wconf 87' lang='lat' dir='ltr'><strong>inest,</strong></span> <span class='ocrx_word' id='word_1_88' title='bbox 789 1486 847 1552; x_wconf 90' lang='lat' dir='ltr'><strong>ubi</strong></span> <span class='ocrx_word' id='word_1_89' title='bbox 868 1489 903 1551; x_wconf 92' lang='lat' dir='ltr'><strong>in</strong></span> <span class='ocrx_word' id='word_1_90' title='bbox 919 1488 1097 1555; x_wconf 87' lang='lat' dir='ltr'><strong>voluntate</strong></span> <span class='ocrx_word' id='word_1_91' title='bbox 1112 1489 1253 1556; x_wconf 84' lang='lat' dir='ltr'><strong>alterius</strong></span> 
     </span>
     <span class='ocr_line' id='line_1_14' title="bbox 125 1594 1254 1680; baseline 0.004 -22"><span class='ocrx_word' id='word_1_92' title='bbox 125 1596 269 1680; x_wconf 90' lang='lat' dir='ltr'><strong>ponitur,</strong></span> <span class='ocrx_word' id='word_1_93' title='bbox 292 1616 370 1659; x_wconf 91' lang='lat' dir='ltr'><strong>num</strong></span> <span class='ocrx_word' id='word_1_94' title='bbox 395 1615 435 1659; x_wconf 85' lang='lat' dir='ltr'><strong>ea</strong></span> <span class='ocrx_word' id='word_1_95' title='bbox 458 1595 569 1676; x_wconf 78' lang='lat' dir='ltr'><strong>facere</strong></span> <span class='ocrx_word' id='word_1_96' title='bbox 592 1595 688 1676; x_wconf 85' lang='lat' dir='ltr'><strong>velit,</strong></span> <span class='ocrx_word' id='word_1_97' title='bbox 712 1615 795 1679; x_wconf 91' lang='lat' dir='ltr'><strong>quae</strong></span> <span class='ocrx_word' id='word_1_98' title='bbox 822 1600 984 1660; x_wconf 88' lang='lat' dir='ltr'><strong>monetur.</strong></span> <span class='ocrx_word' id='word_1_99' title='bbox 1031 1594 1254 1671; x_wconf 78' lang='lat' dir='ltr'><strong>Quamobrem</strong></span> 
     </span>
     <span class='ocr_line' id='line_1_15' title="bbox 125 1701 1253 1786; baseline 0.003 -20"><span class='ocrx_word' id='word_1_100' title='bbox 125 1708 196 1766; x_wconf 91' lang='lat' dir='ltr'><strong>tum</strong></span> <span class='ocrx_word' id='word_1_101' title='bbox 218 1702 397 1786; x_wconf 89' lang='lat' dir='ltr'><strong>praecipue</strong></span> <span class='ocrx_word' id='word_1_102' title='bbox 421 1702 455 1765; x_wconf 92' lang='lat' dir='ltr'><strong>in</strong></span> <span class='ocrx_word' id='word_1_103' title='bbox 481 1701 590 1765; x_wconf 87' lang='lat' dir='ltr'><strong>altera</strong></span> <span class='ocrx_word' id='word_1_104' title='bbox 614 1721 756 1785; x_wconf 88' lang='lat' dir='ltr'><strong>persona</strong></span> <span class='ocrx_word' id='word_1_105' title='bbox 772 1706 961 1785; x_wconf 89' lang='lat' dir='ltr'><strong>usurpatur,</strong></span> <span class='ocrx_word' id='word_1_106' title='bbox 986 1723 1059 1767; x_wconf 93' lang='lat' dir='ltr'><strong>cum</strong></span> <span class='ocrx_word' id='word_1_107' title='bbox 1075 1702 1253 1775; x_wconf 87' lang='lat' dir='ltr'><strong>adomnia</strong></span> 
     </span>
     <span class='ocr_line' id='line_1_16' title="bbox 126 1807 1250 1893; baseline 0.004 -21"><span class='ocrx_word' id='word_1_108' title='bbox 126 1813 276 1893; x_wconf 90' lang='lat' dir='ltr'><strong>tempora</strong></span> <span class='ocrx_word' id='word_1_109' title='bbox 308 1809 481 1873; x_wconf 86' lang='lat' dir='ltr'><strong>eonsilium</strong></span> <span class='ocrx_word' id='word_1_110' title='bbox 514 1808 650 1893; x_wconf 90' lang='lat' dir='ltr'><strong>aliquod</strong></span> <span class='ocrx_word' id='word_1_111' title='bbox 674 1807 793 1891; x_wconf 88' lang='lat' dir='ltr'><strong>editur,</strong></span> <span class='ocrx_word' id='word_1_112' title='bbox 816 1808 874 1873; x_wconf 89' lang='lat' dir='ltr'><strong>ubi</strong></span> <span class='ocrx_word' id='word_1_113' title='bbox 897 1830 958 1873; x_wconf 90' lang='lat' dir='ltr'><strong>nos</strong></span> <span class='ocrx_word' id='word_1_114' title='bbox 979 1807 1139 1878; x_wconf 86' lang='lat' dir='ltr'><strong>dicimus:</strong></span> <span class='ocrx_word' id='word_1_115' title='bbox 1173 1833 1250 1876; x_wconf 91' lang='lat' dir='ltr'><strong>man</strong></span> 
     </span>
     <span class='ocr_line' id='line_1_17' title="bbox 125 1911 1252 2000; baseline 0.004 -22"><span class='ocrx_word' id='word_1_116' title='bbox 125 1935 225 1995; x_wconf 89' lang='lat' dir='ltr'><strong>muss,</strong></span> <span class='ocrx_word' id='word_1_117' title='bbox 240 1920 279 1980; x_wconf 92' lang='lat' dir='ltr'><strong>ut</strong></span> <span class='ocrx_word' id='word_1_118' title='bbox 294 1915 329 1978; x_wconf 94' lang='lat' dir='ltr'><strong>in</strong></span> <span class='ocrx_word' id='word_1_119' title='bbox 345 1914 447 1980; x_wconf 81' lang='lat' dir='ltr'><strong>Maro.</strong></span> <span class='ocrx_word' id='word_1_120' title='bbox 464 1911 515 1999; x_wconf 86' lang='lat' dir='ltr'><strong>ap.</strong></span> <span class='ocrx_word' id='word_1_121' title='bbox 531 1916 654 2000; x_wconf 83' lang='lat' dir='ltr'><strong>Egger.</strong></span> <span class='ocrx_word' id='word_1_122' title='bbox 671 1938 703 2000; x_wconf 91' lang='lat' dir='ltr'><strong>p.</strong></span> <span class='ocrx_word' id='word_1_123' title='bbox 722 1917 802 1982; x_wconf 78' lang='lat'>112:</span> <span class='ocrx_word' id='word_1_124' title='bbox 825 1921 1012 2000; x_wconf 90' lang='lat' dir='ltr'><strong>postremus</strong></span> <span class='ocrx_word' id='word_1_125' title='bbox 1031 1916 1072 1980; x_wconf 93' lang='lat' dir='ltr'><strong>lo</strong></span> <span class='ocrx_word' id='word_1_126' title='bbox 1084 1919 1252 2000; x_wconf 81' lang='lat' dir='ltr'><strong>quaris,</strong></span> 
     </span>
     <span class='ocr_line' id='line_1_18' title="bbox 124 2020 1252 2105; baseline 0.004 -20"><span class='ocrx_word' id='word_1_127' title='bbox 124 2021 248 2105; x_wconf 88' lang='lat' dir='ltr'><strong>primus</strong></span> <span class='ocrx_word' id='word_1_128' title='bbox 291 2026 416 2087; x_wconf 85' lang='lat' dir='ltr'><strong>taceas.</strong></span> <span class='ocrx_word' id='word_1_129' title='bbox 464 2021 520 2086; x_wconf 74' lang='lat' dir='ltr'><strong>uel</strong></span> <span class='ocrx_word' id='word_1_130' title='bbox 547 2023 594 2086; x_wconf 85' lang='lat' dir='ltr'><strong>in</strong></span> <span class='ocrx_word' id='word_1_131' title='bbox 631 2020 714 2087; x_wconf 80' lang='lat' dir='ltr'><strong>Cato</strong></span> <span class='ocrx_word' id='word_1_132' title='bbox 755 2044 782 2088; x_wconf 90' lang='lat' dir='ltr'><strong>r.</strong></span> <span class='ocrx_word' id='word_1_133' title='bbox 816 2044 842 2087; x_wconf 89' lang='grc'><strong>1.</strong></span> <span class='ocrx_word' id='word_1_134' title='bbox 877 2024 915 2088; x_wconf 84' lang='lat'><strong>3:</strong></span> <span class='ocrx_word' id='word_1_135' title='bbox 949 2023 1000 2088; x_wconf 89' lang='lat' dir='ltr'><strong>ita</strong></span> <span class='ocrx_word' id='word_1_136' title='bbox 1023 2022 1252 2091; x_wconf 89' lang='lat' dir='ltr'><strong>aedifices.</strong></span> 
     </span>
     <span class='ocr_line' id='line_1_19' title="bbox 126 2125 1252 2215; baseline 0.005 -24"><span class='ocrx_word' id='word_1_137' title='bbox 126 2125 192 2192; x_wconf 84' lang='lat' dir='ltr'><strong>Oic.</strong></span> <span class='ocrx_word' id='word_1_138' title='bbox 217 2127 313 2192; x_wconf 77' lang='lat' dir='ltr'><strong>Tusc.</strong></span> <span class='ocrx_word' id='word_1_139' title='bbox 337 2126 379 2209; x_wconf 91' lang='lat' dir='ltr'><strong>V,</strong></span> <span class='ocrx_word' id='word_1_140' title='bbox 409 2129 469 2194; x_wconf 86' lang='lat'><strong>41:</strong></span> <span class='ocrx_word' id='word_1_141' title='bbox 503 2130 643 2194; x_wconf 91' lang='lat' dir='ltr'><strong>iniurias</strong></span> <span class='ocrx_word' id='word_1_142' title='bbox 676 2130 839 2210; x_wconf 86' lang='lat' dir='ltr'><strong>fortunae,</strong></span> <span class='ocrx_word' id='word_1_143' title='bbox 872 2150 953 2213; x_wconf 89' lang='lat' dir='ltr'><strong>quas</strong></span> <span class='ocrx_word' id='word_1_144' title='bbox 985 2129 1074 2195; x_wconf 90' lang='lat' dir='ltr'><strong>ferre</strong></span> <span class='ocrx_word' id='word_1_145' title='bbox 1097 2153 1252 2215; x_wconf 81' lang='lat' dir='ltr'><strong>nequeas,</strong></span> 
     </span>
     <span class='ocr_line' id='line_1_20' title="bbox 126 2232 1251 2322; baseline 0.005 -25"><span class='ocrx_word' id='word_1_146' title='bbox 126 2232 324 2318; x_wconf 80' lang='lat' dir='ltr'><strong>defugiendo</strong></span> <span class='ocrx_word' id='word_1_147' title='bbox 355 2235 590 2319; x_wconf 91' lang='lat' dir='ltr'><strong>relinquas.</strong></span> <span class='ocrx_word' id='word_1_148' title='bbox 648 2233 769 2300; x_wconf 81' lang='lat' dir='ltr'><strong>Confer</strong></span> <span class='ocrx_word' id='word_1_149' title='bbox 806 2235 889 2301; x_wconf 87' lang='lat' dir='ltr'><strong>haec</strong></span> <span class='ocrx_word' id='word_1_150' title='bbox 928 2237 1088 2322; x_wconf 85' lang='lat' dir='ltr'><strong>exempla,</strong></span> <span class='ocrx_word' id='word_1_151' title='bbox 1119 2237 1178 2303; x_wconf 90' lang='lat' dir='ltr'><strong>ubi</strong></span> <span class='ocrx_word' id='word_1_152' title='bbox 1210 2237 1251 2303; x_wconf 91' lang='lat' dir='ltr'><strong>de</strong></span> 
     </span>
     <span class='ocr_line' id='line_1_21' title="bbox 125 2340 1250 2428; baseline 0.006 -25"><span class='ocrx_word' id='word_1_153' title='bbox 125 2341 228 2404; x_wconf 88' lang='lat' dir='ltr'><strong>tertia</strong></span> <span class='ocrx_word' id='word_1_154' title='bbox 259 2362 401 2425; x_wconf 87' lang='lat' dir='ltr'><strong>persona</strong></span> <span class='ocrx_word' id='word_1_155' title='bbox 433 2343 562 2426; x_wconf 86' lang='lat' dir='ltr'><strong>agitur:</strong></span> <span class='ocrx_word' id='word_1_156' title='bbox 607 2340 689 2407; x_wconf 81' lang='lat' dir='ltr'><strong>Cato</strong></span> <span class='ocrx_word' id='word_1_157' title='bbox 720 2365 747 2407; x_wconf 90' lang='lat' dir='ltr'><strong>r.</strong></span> <span class='ocrx_word' id='word_1_158' title='bbox 776 2365 802 2406; x_wconf 83' lang='lat' dir='ltr'><strong>r.</strong></span> <span class='ocrx_word' id='word_1_159' title='bbox 834 2341 864 2423; x_wconf 84' lang='lat'><strong>5,</strong></span> <span class='ocrx_word' id='word_1_160' title='bbox 898 2343 934 2406; x_wconf 90' lang='lat'><strong>1:</strong></span> <span class='ocrx_word' id='word_1_161' title='bbox 959 2341 1138 2428; x_wconf 87' lang='lat' dir='ltr'><strong>disciplina</strong></span> <span class='ocrx_word' id='word_1_162' title='bbox 1164 2345 1250 2411; x_wconf 87' lang='lat' dir='ltr'><strong>bene</strong></span> 
     </span>
     <span class='ocr_line' id='line_1_22' title="bbox 125 2448 1252 2529; baseline 0.007 -19"><span class='ocrx_word' id='word_1_163' title='bbox 125 2451 297 2528; x_wconf 90' lang='lat' dir='ltr'><strong>utatur,</strong></span> <span class='ocrx_word' id='word_1_164' title='bbox 330 2448 435 2512; x_wconf 88' lang='lat' dir='ltr'><strong>feriae</strong></span> <span class='ocrx_word' id='word_1_165' title='bbox 466 2454 651 2529; x_wconf 86' lang='lat' dir='ltr'><strong>serventur,</strong></span> <span class='ocrx_word' id='word_1_166' title='bbox 684 2449 794 2513; x_wconf 90' lang='lat' dir='ltr'><strong>alieno</strong></span> <span class='ocrx_word' id='word_1_167' title='bbox 826 2471 959 2514; x_wconf 88' lang='lat' dir='ltr'><strong>manum</strong></span> <span class='ocrx_word' id='word_1_168' title='bbox 987 2448 1167 2518; x_wconf 86' lang='lat' dir='ltr'><strong>abstineat.</strong></span> <span class='ocrx_word' id='word_1_169' title='bbox 1191 2473 1252 2518; x_wconf 88' lang='lat' dir='ltr'><strong>sua</strong></span> 
     </span>
     <span class='ocr_line' id='line_1_23' title="bbox 126 2553 1252 2643; baseline 0.006 -27"><span class='ocrx_word' id='word_1_170' title='bbox 126 2558 240 2617; x_wconf 87' lang='lat' dir='ltr'><strong>servet</strong></span> <span class='ocrx_word' id='word_1_171' title='bbox 263 2553 452 2639; x_wconf 86' lang='lat' dir='ltr'><strong>diligenter,</strong></span> <span class='ocrx_word' id='word_1_172' title='bbox 476 2555 594 2621; x_wconf 90' lang='lat' dir='ltr'><strong>litibus</strong></span> <span class='ocrx_word' id='word_1_173' title='bbox 619 2555 767 2620; x_wconf 89' lang='lat' dir='ltr'><strong>familiae</strong></span> <span class='ocrx_word' id='word_1_174' title='bbox 784 2555 1010 2641; x_wconf 86' lang='lat' dir='ltr'><strong>supersedeat,</strong></span> <span class='ocrx_word' id='word_1_175' title='bbox 1034 2558 1063 2621; x_wconf 91' lang='lat' dir='ltr'><strong>si</strong></span> <span class='ocrx_word' id='word_1_176' title='bbox 1086 2559 1157 2641; x_wconf 91' lang='lat' dir='ltr'><strong>quis</strong></span> <span class='ocrx_word' id='word_1_177' title='bbox 1175 2558 1252 2643; x_wconf 85' lang='lat' dir='ltr'><strong>quid</strong></span> 
     </span>
     <span class='ocr_line' id='line_1_24' title="bbox 127 2657 1252 2745; baseline 0.01 -23"><span class='ocrx_word' id='word_1_178' title='bbox 127 2657 314 2742; x_wconf 91' lang='lat' dir='ltr'><strong>deliquerit,</strong></span> <span class='ocrx_word' id='word_1_179' title='bbox 331 2682 390 2745; x_wconf 92' lang='lat' dir='ltr'><strong>pro</strong></span> <span class='ocrx_word' id='word_1_180' title='bbox 406 2683 493 2725; x_wconf 87' lang='lat' dir='ltr'><strong>noxa</strong></span> <span class='ocrx_word' id='word_1_181' title='bbox 507 2659 594 2726; x_wconf 88' lang='lat' dir='ltr'><strong>bono</strong></span> <span class='ocrx_word' id='word_1_182' title='bbox 611 2661 706 2726; x_wconf 92' lang='lat' dir='ltr'><strong>modo</strong></span> <span class='ocrx_word' id='word_1_183' title='bbox 724 2661 882 2727; x_wconf 89' lang='lat' dir='ltr'><strong>vindicet.</strong></span> <span class='ocrx_word' id='word_1_184' title='bbox 907 2661 973 2728; x_wconf 78' lang='lat' dir='ltr'><strong>cic.</strong></span> <span class='ocrx_word' id='word_1_185' title='bbox 992 2661 1079 2729; x_wconf 86' lang='lat' dir='ltr'><strong>Sest.</strong></span> <span class='ocrx_word' id='word_1_186' title='bbox 1096 2665 1148 2745; x_wconf 87' lang='grc'><strong>66,</strong></span> <span class='ocrx_word' id='word_1_187' title='bbox 1171 2665 1252 2733; x_wconf 87' lang='lat'>138:</span> 
     </span>
     <span class='ocr_line' id='line_1_25' title="bbox 126 2765 1251 2854; baseline 0.008 -26"><span class='ocrx_word' id='word_1_188' title='bbox 126 2765 155 2829; x_wconf 89' lang='lat' dir='ltr'><strong>si</strong></span> <span class='ocrx_word' id='word_1_189' title='bbox 187 2766 243 2849; x_wconf 92' lang='lat' dir='ltr'><strong>qui</strong></span> <span class='ocrx_word' id='word_1_190' title='bbox 274 2767 506 2851; x_wconf 88' lang='lat' dir='ltr'><strong>voluptatibus</strong></span> <span class='ocrx_word' id='word_1_191' title='bbox 539 2767 712 2850; x_wconf 88' lang='lat' dir='ltr'><strong>ducuntur,</strong></span> <span class='ocrx_word' id='word_1_192' title='bbox 744 2769 862 2834; x_wconf 92' lang='lat' dir='ltr'><strong>missos</strong></span> <span class='ocrx_word' id='word_1_193' title='bbox 894 2769 910 2833; x_wconf 99' lang='lat' dir='ltr'><strong>f</strong></span> <span class='ocrx_word' id='word_1_194' title='bbox 915 2770 1069 2835; x_wconf 82' lang='lat' dir='ltr'><strong>sciant</strong></span> <span class='ocrx_word' id='word_1_195' title='bbox 1099 2769 1251 2854; x_wconf 89' lang='lat' dir='ltr'><strong>honores,</strong></span> 
     </span>
     <span class='ocr_line' id='line_1_26' title="bbox 126 2873 1251 2960; baseline 0.008 -24"><span class='ocrx_word' id='word_1_196' title='bbox 126 2894 167 2937; x_wconf 88' lang='lat' dir='ltr'><strong>ne</strong></span> <span class='ocrx_word' id='word_1_197' title='bbox 192 2873 364 2958; x_wconf 89' lang='lat' dir='ltr'><strong>attingant</strong></span> <span class='ocrx_word' id='word_1_198' title='bbox 386 2895 456 2939; x_wconf 92' lang='lat' dir='ltr'><strong>rem</strong></span> <span class='ocrx_word' id='word_1_199' title='bbox 479 2874 656 2960; x_wconf 86' lang='lat' dir='ltr'><strong>publicam.</strong></span> <span class='ocrx_word' id='word_1_200' title='bbox 687 2876 860 2960; x_wconf 88' lang='lat' dir='ltr'><strong>patiantur</strong></span> <span class='ocrx_word' id='word_1_201' title='bbox 883 2876 974 2941; x_wconf 84' lang='lat' dir='ltr'><strong>viros</strong></span> <span class='ocrx_word' id='word_1_202' title='bbox 998 2876 1102 2942; x_wconf 90' lang='lat' dir='ltr'><strong>fortes</strong></span> <span class='ocrx_word' id='word_1_203' title='bbox 1125 2875 1251 2960; x_wconf 84' lang='lat' dir='ltr'><strong>labore,</strong></span> 
     </span>
     <span class='ocr_line' id='line_1_27' title="bbox 127 2981 1252 3067; baseline 0.007 -26"><span class='ocrx_word' id='word_1_204' title='bbox 127 2999 163 3042; x_wconf 90' lang='lat' dir='ltr'><strong>se</strong></span> <span class='ocrx_word' id='word_1_205' title='bbox 188 2981 255 3043; x_wconf 92' lang='grc'><strong>0110</strong></span> <span class='ocrx_word' id='word_1_206' title='bbox 280 3002 338 3044; x_wconf 90' lang='lat' dir='ltr'><strong>suo</strong></span> <span class='ocrx_word' id='word_1_207' title='bbox 363 2983 511 3066; x_wconf 78' lang='lat' dir='ltr'><strong>perfrui,</strong></span> <span class='ocrx_word' id='word_1_208' title='bbox 554 2982 628 3047; x_wconf 87' lang='lat' dir='ltr'><strong>Hac</strong></span> <span class='ocrx_word' id='word_1_209' title='bbox 660 2989 772 3048; x_wconf 83' lang='lat' dir='ltr'><strong>autern</strong></span> <span class='ocrx_word' id='word_1_210' title='bbox 795 2988 917 3048; x_wconf 89' lang='lat' dir='ltr'><strong>natura</strong></span> <span class='ocrx_word' id='word_1_211' title='bbox 942 3005 1141 3067; x_wconf 89' lang='lat' dir='ltr'><strong>quamquam</strong></span> <span class='ocrx_word' id='word_1_212' title='bbox 1163 3005 1184 3049; x_wconf 87' lang='lat' dir='ltr'><strong>a</strong></span> <span class='ocrx_word' id='word_1_213' title='bbox 1206 2984 1252 3056; x_wconf 86' lang='lat' dir='ltr'><strong>le-</strong></span> 
     </span>
     <span class='ocr_line' id='line_1_28' title="bbox 124 3083 1250 3176; baseline 0.006 -27"><span class='ocrx_word' id='word_1_214' title='bbox 124 3083 223 3169; x_wconf 83' lang='lat' dir='ltr'><strong>gibus</strong></span> <span class='ocrx_word' id='word_1_215' title='bbox 257 3092 356 3171; x_wconf 86' lang='lat' dir='ltr'><strong>atque</strong></span> <span class='ocrx_word' id='word_1_216' title='bbox 388 3087 507 3154; x_wconf 89' lang='lat' dir='ltr'><strong>edictis</strong></span> <span class='ocrx_word' id='word_1_217' title='bbox 538 3111 597 3173; x_wconf 90' lang='lat' dir='ltr'><strong>per</strong></span> <span class='ocrx_word' id='word_1_218' title='bbox 628 3111 663 3153; x_wconf 92' lang='lat' dir='ltr'><strong>se</strong></span> <span class='ocrx_word' id='word_1_219' title='bbox 695 3088 863 3171; x_wconf 88' lang='lat' dir='ltr'><strong>abhorret,</strong></span> <span class='ocrx_word' id='word_1_220' title='bbox 883 3094 1006 3155; x_wconf 88' lang='lat' dir='ltr'><strong>tamen</strong></span> <span class='ocrx_word' id='word_1_221' title='bbox 1040 3088 1104 3164; x_wconf 91' lang='lat' dir='ltr'><strong>ibi</strong></span> <span class='ocrx_word' id='word_1_222' title='bbox 1123 3111 1250 3176; x_wconf 84' lang='lat' dir='ltr'><strong>quoque</strong></span> 
     </span>
     <span class='ocr_line' id='line_1_29' title="bbox 123 3190 1250 3283; baseline 0.009 -29"><span class='ocrx_word' id='word_1_223' title='bbox 123 3190 287 3261; x_wconf 86' lang='lat' dir='ltr'><strong>interdum</strong></span> <span class='ocrx_word' id='word_1_224' title='bbox 311 3196 464 3280; x_wconf 83' lang='lat' dir='ltr'><strong>usurpari</strong></span> <span class='ocrx_word' id='word_1_225' title='bbox 487 3195 655 3263; x_wconf 87' lang='lat' dir='ltr'><strong>videmus:</strong></span> <span class='ocrx_word' id='word_1_226' title='bbox 690 3196 789 3262; x_wconf 86' lang='lat' dir='ltr'><strong>Rhet.</strong></span> <span class='ocrx_word' id='word_1_227' title='bbox 814 3195 856 3260; x_wconf 90' lang='lat' dir='ltr'><strong>ad</strong></span> <span class='ocrx_word' id='word_1_228' title='bbox 879 3196 959 3261; x_wconf 87' lang='lat' dir='ltr'><strong>Her.</strong></span> <span class='ocrx_word' id='word_1_229' title='bbox 983 3196 1010 3278; x_wconf 93' lang='lat' dir='ltr'><strong>I,</strong></span> <span class='ocrx_word' id='word_1_230' title='bbox 1038 3197 1095 3262; x_wconf 89' lang='lat'><strong>13:</strong></span> <span class='ocrx_word' id='word_1_231' title='bbox 1120 3198 1176 3280; x_wconf 93' lang='lat' dir='ltr'><strong>qui</strong></span> <span class='ocrx_word' id='word_1_232' title='bbox 1195 3220 1250 3283; x_wconf 87' lang='lat' dir='ltr'><strong>pa·</strong></span> 
     </span>
     <span class='ocr_line' id='line_1_30' title="bbox 123 3302 1251 3390; baseline 0.007 -28"><span class='ocrx_word' id='word_1_233' title='bbox 123 3303 252 3363; x_wconf 86' lang='lat' dir='ltr'><strong>rentem</strong></span> <span class='ocrx_word' id='word_1_234' title='bbox 275 3322 413 3367; x_wconf 84' lang='lat' dir='ltr'><strong>necasse</strong></span> <span class='ocrx_word' id='word_1_235' title='bbox 445 3302 612 3368; x_wconf 89' lang='lat' dir='ltr'><strong>iudicatus</strong></span> <span class='ocrx_word' id='word_1_236' title='bbox 645 3305 720 3389; x_wconf 90' lang='lat' dir='ltr'><strong>erit,</strong></span> <span class='ocrx_word' id='word_1_237' title='bbox 751 3304 781 3369; x_wconf 90' lang='lat' dir='ltr'><strong>is</strong></span> <span class='ocrx_word' id='word_1_238' title='bbox 813 3304 993 3369; x_wconf 86' lang='lat' dir='ltr'><strong>obvolutus</strong></span> <span class='ocrx_word' id='word_1_239' title='bbox 1022 3309 1056 3368; x_wconf 92' lang='grc'><strong>01</strong></span> <span class='ocrx_word' id='word_1_240' title='bbox 1080 3303 1251 3390; x_wconf 85' lang='lat' dir='ltr'><strong>obligatus</strong></span> 
     </span>
     <span class='ocr_line' id='line_1_31' title="bbox 124 3405 1341 3496; baseline 0.005 -27"><span class='ocrx_word' id='word_1_241' title='bbox 124 3407 212 3470; x_wconf 88' lang='lat' dir='ltr'><strong>corio</strong></span> <span class='ocrx_word' id='word_1_242' title='bbox 238 3405 483 3475; x_wconf 83' lang='lat' dir='ltr'><strong>devehatur</strong></span> <span class='ocrx_word' id='word_1_243' title='bbox 506 3411 541 3474; x_wconf 90' lang='lat' dir='ltr'><strong>in</strong></span> <span class='ocrx_word' id='word_1_244' title='bbox 564 3409 792 3494; x_wconf 89' lang='lat' dir='ltr'><strong>profluentem.</strong></span> <span class='ocrx_word' id='word_1_245' title='bbox 839 3409 906 3478; x_wconf 80' lang='lat' dir='ltr'><strong>Cic.</strong></span> <span class='ocrx_word' id='word_1_246' title='bbox 927 3410 1025 3476; x_wconf 88' lang='lat' dir='ltr'><strong>Verr.</strong></span> <span class='ocrx_word' id='word_1_247' title='bbox 1048 3410 1076 3491; x_wconf 82' lang='lat'><strong>13</strong></span> <span class='ocrx_word' id='word_1_248' title='bbox 1094 3410 1162 3483; x_wconf 50' lang='lat'><strong>¹56:</strong></span> <span class='ocrx_word' id='word_1_249' title='bbox 1194 3413 1250 3496; x_wconf 90' lang='lat' dir='ltr'><strong>qui</strong></span> <span class='ocrx_word' id='word_1_250' title='bbox 1339 3449 1341 3456; x_wconf 93' lang='lat'>·</span> 
     </span>
     <span class='ocr_line' id='line_1_32' title="bbox 122 3510 1249 3607; baseline 0.006 -32"><span class='ocrx_word' id='word_1_251' title='bbox 122 3510 311 3596; x_wconf 86' lang='lat' dir='ltr'><strong>redemerit,</strong></span> <span class='ocrx_word' id='word_1_252' title='bbox 334 3516 449 3580; x_wconf 90' lang='lat' dir='ltr'><strong>satis</strong></span> <span class='ocrx_word' id='word_1_253' title='bbox 482 3515 561 3607; x_wconf 89' lang='lat' dir='ltr'><strong>det</strong></span> <span class='ocrx_word' id='word_1_254' title='bbox 586 3515 696 3581; x_wconf 87' lang='lat' dir='ltr'><strong>damni</strong></span> <span class='ocrx_word' id='word_1_255' title='bbox 720 3517 838 3583; x_wconf 90' lang='lat' dir='ltr'><strong>infecti</strong></span> <span class='ocrx_word' id='word_1_256' title='bbox 867 3518 987 3600; x_wconf 68' lang='lat' dir='ltr'><strong>ei,&#39;qui</strong></span> <span class='ocrx_word' id='word_1_257' title='bbox 1003 3538 1023 3583; x_wconf 92' lang='lat' dir='ltr'><strong>a</strong></span> <span class='ocrx_word' id='word_1_258' title='bbox 1039 3525 1155 3587; x_wconf 85' lang='lat' dir='ltr'><strong>vetere</strong></span> <span class='ocrx_word' id='word_1_259' title='bbox 1177 3517 1249 3593; x_wconf 85' lang='lat' dir='ltr'><strong>red·</strong></span> 
     </span>
     <span class='ocr_line' id='line_1_33' title="bbox 125 3623 1248 3709; baseline 0.006 -27"><span class='ocrx_word' id='word_1_260' title='bbox 125 3624 271 3702; x_wconf 87' lang='lat' dir='ltr'><strong>emptore</strong></span> <span class='ocrx_word' id='word_1_261' title='bbox 305 3623 481 3706; x_wconf 91' lang='lat' dir='ltr'><strong>acceperit.</strong></span> <span class='ocrx_word' id='word_1_262' title='bbox 540 3623 639 3688; x_wconf 80' lang='lat' dir='ltr'><strong>Talia</strong></span> <span class='ocrx_word' id='word_1_263' title='bbox 669 3629 781 3689; x_wconf 88' lang='lat' dir='ltr'><strong>autem</strong></span> <span class='ocrx_word' id='word_1_264' title='bbox 812 3624 987 3694; x_wconf 89' lang='lat' dir='ltr'><strong>enuntiata</strong></span> <span class='ocrx_word' id='word_1_265' title='bbox 1017 3624 1125 3709; x_wconf 87' lang='lat' dir='ltr'><strong>magis</strong></span> <span class='ocrx_word' id='word_1_266' title='bbox 1163 3624 1248 3689; x_wconf 90' lang='lat' dir='ltr'><strong>bene</strong></span> 
     </span>
     <span class='ocr_line' id='line_1_34' title="bbox 123 3727 1248 3815; baseline 0.008 -27"><span class='ocrx_word' id='word_1_267' title='bbox 123 3727 288 3791; x_wconf 88' lang='lat' dir='ltr'><strong>monentis</strong></span> <span class='ocrx_word' id='word_1_268' title='bbox 320 3749 419 3811; x_wconf 88' lang='lat' dir='ltr'><strong>more,</strong></span> <span class='ocrx_word' id='word_1_269' title='bbox 451 3750 549 3813; x_wconf 91' lang='lat' dir='ltr'><strong>quam</strong></span> <span class='ocrx_word' id='word_1_270' title='bbox 579 3751 652 3795; x_wconf 89' lang='lat' dir='ltr'><strong>cum</strong></span> <span class='ocrx_word' id='word_1_271' title='bbox 687 3731 867 3815; x_wconf 86' lang='lat' dir='ltr'><strong>gravitate,</strong></span> <span class='ocrx_word' id='word_1_272' title='bbox 897 3751 980 3814; x_wconf 90' lang='lat' dir='ltr'><strong>quae</strong></span> <span class='ocrx_word' id='word_1_273' title='bbox 1019 3729 1104 3795; x_wconf 85' lang='lat' dir='ltr'><strong>alias</strong></span> <span class='ocrx_word' id='word_1_274' title='bbox 1135 3730 1248 3815; x_wconf 86' lang='lat' dir='ltr'><strong>legum</strong></span> 
     </span>
     <span class='ocr_line' id='line_1_35' title="bbox 122 3811 1247 3922; baseline 0.01 -29"><span class='ocrx_word' id='word_1_275' title='bbox 122 3811 256 3916; x_wconf 77' lang='lat' dir='ltr'><strong>propria</strong></span> <span class='ocrx_word' id='word_1_276' title='bbox 274 3839 334 3915; x_wconf 92' lang='lat' dir='ltr'><strong>est,</strong></span> <span class='ocrx_word' id='word_1_277' title='bbox 352 3834 443 3901; x_wconf 91' lang='lat' dir='ltr'><strong>dicta</strong></span> <span class='ocrx_word' id='word_1_278' title='bbox 459 3843 546 3903; x_wconf 88' lang='lat' dir='ltr'><strong>sunt.</strong></span> <span class='ocrx_word' id='word_1_279' title='bbox 591 3837 703 3922; x_wconf 85' lang='lat' dir='ltr'><strong>Igitur</strong></span> <span class='ocrx_word' id='word_1_280' title='bbox 728 3838 851 3922; x_wconf 92' lang='lat' dir='ltr'><strong>aliquis</strong></span> <span class='ocrx_word' id='word_1_281' title='bbox 866 3838 974 3922; x_wconf 86' lang='lat' dir='ltr'><strong>magis</strong></span> <span class='ocrx_word' id='word_1_282' title='bbox 990 3837 1025 3901; x_wconf 92' lang='lat' dir='ltr'><strong>in</strong></span> <span class='ocrx_word' id='word_1_283' title='bbox 1042 3837 1247 3922; x_wconf 85' lang='lat' dir='ltr'><strong>cogitatione</strong></span> 
     </span>
     <span class='ocr_line' id='line_1_36' title="bbox 121 3942 1248 4037; baseline 0.008 -35"><span class='ocrx_word' id='word_1_284' title='bbox 121 3945 289 4005; x_wconf 85' lang='lat' dir='ltr'><strong>versatur·</strong></span> <span class='ocrx_word' id='word_1_285' title='bbox 303 3942 373 4007; x_wconf 90' lang='lat' dir='ltr'><strong>eins</strong></span> <span class='ocrx_word' id='word_1_286' title='bbox 396 3943 455 4024; x_wconf 89' lang='lat' dir='ltr'><strong>rei,</strong></span> <span class='ocrx_word' id='word_1_287' title='bbox 475 3965 581 4027; x_wconf 88' lang='lat' dir='ltr'><strong>quam</strong></span> <span class='ocrx_word' id='word_1_288' title='bbox 614 3943 687 4009; x_wconf 87' lang='lat' dir='ltr'><strong>fieri</strong></span> <span class='ocrx_word' id='word_1_289' title='bbox 710 3950 769 4010; x_wconf 91' lang='lat' dir='ltr'><strong>aut</strong></span> <span class='ocrx_word' id='word_1_290' title='bbox 791 3944 867 4010; x_wconf 85' lang='lat' dir='ltr'><strong>vult</strong></span> <span class='ocrx_word' id='word_1_291' title='bbox 891 3950 949 4010; x_wconf 91' lang='lat' dir='ltr'><strong>aut</strong></span> <span class='ocrx_word' id='word_1_292' title='bbox 972 3943 1133 4028; x_wconf 90' lang='lat' dir='ltr'><strong>optimum</strong></span> <span class='ocrx_word' id='word_1_293' title='bbox 1156 3943 1248 4037; x_wconf 82' lang='lat' dir='ltr'><strong>ducit</strong></span> 
     </span>
     <span class='ocr_line' id='line_1_37' title="bbox 122 4043 1287 4132; baseline 0.003 -25"><span class='ocrx_word' id='word_1_294' title='bbox 122 4043 295 4112; x_wconf 87' lang='lat' dir='ltr'><strong>faciendae</strong></span> <span class='ocrx_word' id='word_1_295' title='bbox 333 4070 392 4132; x_wconf 85' lang='lat' dir='ltr'><strong>per</strong></span> <span class='ocrx_word' id='word_1_296' title='bbox 416 4047 643 4115; x_wconf 89' lang='lat' dir='ltr'><strong>condicionem</strong></span> <span class='ocrx_word' id='word_1_297' title='bbox 674 4051 872 4117; x_wconf 85' lang='lat' dir='ltr'><strong>facultatem</strong></span> <span class='ocrx_word' id='word_1_298' title='bbox 896 4049 1006 4116; x_wconf 87' lang='lat' dir='ltr'><strong>datam</strong></span> <span class='ocrx_word' id='word_1_299' title='bbox 1033 4069 1115 4129; x_wconf 89' lang='lat' dir='ltr'><strong>esse,</strong></span> <span class='ocrx_word' id='word_1_300' title='bbox 1138 4052 1246 4117; x_wconf 89' lang='lat' dir='ltr'><strong>minus</strong></span> <span class='ocrx_word' id='word_1_301' title='bbox 1285 4105 1287 4111; x_wconf 92' lang='lat'><em>.</em></span> 
     </span>
    </p>
   </div>
   <div class='ocr_carea' id='block_1_4' title="bbox 122 4153 1247 4320">
    <p class='ocr_par' dir='ltr' id='par_1_4' title="bbox 122 4153 1247 4320">
     <span class='ocr_line' id='line_1_38' title="bbox 122 4153 1247 4248; baseline 0.01 -34"><span class='ocrx_word' id='word_1_302' title='bbox 122 4153 290 4221; x_wconf 90' lang='lat' dir='ltr'><strong>autemid</strong></span> <span class='ocrx_word' id='word_1_303' title='bbox 314 4155 470 4238; x_wconf 89' lang='lat' dir='ltr'><strong>intendit,</strong></span> <span class='ocrx_word' id='word_1_304' title='bbox 494 4162 533 4223; x_wconf 90' lang='lat' dir='ltr'><strong>nt</strong></span> <span class='ocrx_word' id='word_1_305' title='bbox 557 4179 640 4241; x_wconf 87' lang='lat' dir='ltr'><strong>quae</strong></span> <span class='ocrx_word' id='word_1_306' title='bbox 656 4163 786 4238; x_wconf 88' lang='lat' dir='ltr'><strong>monet,</strong></span> <span class='ocrx_word' id='word_1_307' title='bbox 817 4156 859 4225; x_wconf 90' lang='lat' dir='ltr'><strong>ab</strong></span> <span class='ocrx_word' id='word_1_308' title='bbox 885 4157 992 4247; x_wconf 89' lang='lat' dir='ltr'><strong>altero</strong></span> <span class='ocrx_word' id='word_1_309' title='bbox 1022 4157 1123 4223; x_wconf 88' lang='lat' dir='ltr'><strong>etiam</strong></span> <span class='ocrx_word' id='word_1_310' title='bbox 1147 4157 1247 4248; x_wconf 83' lang='lat' dir='ltr'><strong>effici·</strong></span> 
     </span>
     <span class='ocr_line' id='line_1_39' title="bbox 1123 4262 1140 4320; baseline 0 0"><span class='ocrx_word' id='word_1_311' title='bbox 1123 4262 1140 4320; x_wconf 83' lang='grc'><strong>3</strong></span> 
     </span>
    </p>
   </div>
   <div class='ocr_carea' id='block_1_5' title="bbox 0 0 1434 4696">
    <p class='ocr_par' dir='ltr' id='par_1_5' title="bbox 0 0 1434 4696">
     <span class='ocr_line' id='line_1_40' title="bbox 0 0 1434 4696; baseline 0 1"><span class='ocrx_word' id='word_1_312' title='bbox 0 0 1434 4696; x_wconf 95' lang='lat' dir='ltr'><strong> </strong></span> 
     </span>
    </p>
   </div>
  </div>
 </body>
</html>
