2858 4696
700 295 732 344 18

152 469 254 535 Looh.
282 487 313 555 p.
346 466 412 557 ll.)
444 468 531 554 apud
563 469 756 536 Terentium
786 491 853 534 non
888 475 1009 536 exstat.
1061 471 1191 538 Deinde
1220 474 1275 541 hio

152 575 382 642 memorandus
407 581 460 641 est
483 575 611 643 Phorm.
628 577 709 643 984:
745 577 855 662 „Lege
872 578 991 662 agito
1017 582 1125 663 ergo“,
1150 578 1274 664 dequo

153 682 307 749 Donatus
331 683 413 749 haee
436 690 566 749 narrat:
591 683 702 768 „Lege
719 684 830 768 agito“
857 682 1030 749 dicebatur
1048 686 1088 764 ei,
1113 686 1205 751 euius
1229 688 1276 750 in·

153 791 260 865 tentio
293 789 556 874 oontemptibilis
588 789 780 855 adversario
817 791 1023 857 videbatur.“
1076 792 1140 857 Est
1170 793 1276 878 igitur

152 897 278 962 ironiee
303 896 428 963 dictum
461 903 495 962 et
519 918 592 962 oum
615 895 695 963 fieta
719 899 889 983 gravitate
912 899 1158 982 pronuntiatur.
1204 901 1275 965 Ro·

153 1005 330 1088 gationi
354 1009 466 1071 autem
487 1005 609 1068 similis
633 1005 858 1088 Imperativus
881 1011 1060 1089 usurpatur
1088 1027 1153 1070 uno
1183 1005 1274 1085 10003

153 1110 233 1174 talis
256 1112 388 1195 rogatio
413 1111 592 1177 vehemens
612 1115 669 1177 ,est
693 1116 727 1176 et
744 1133 818 1175 oum
834 1110 1061 1176 sollieitudine
1078 1111 1177 1192 diota,
1202 1134 1275 1176 eum

153 1216 208 1299 qui
231 1221 339 1301 roget,
367 1217 403 1281 in
425 1218 555 1302 magnis
580 1217 745 1302 angustiis
770 1224 932 1286 versetur.
977 1218 1062 1284 Dieo
1086 1219 1169 1284 Eun?
1193 1219 1275 1286 902:

155 1320 265 1404 „Quin
288 1324 431 1406 Pythias
455 1331 494 1391 tu
516 1346 568 1389 me
592 1327 802 1389 servat0.“
847 1324 903 1388 lta
927 1324 1009 1389 dieit
1026 1323 1175 1390 Chaerea
1199 1324 1275 1390 adu-

150 1428 290 1510 lescens,
322 1431 378 1514 qui
401 1430 557 1515 puellam,
589 1451 671 1515 quae
702 1431 737 1493 in
762 1428 856 1494 domo
882 1430 1020 1497 Thaidis
1045 1437 1127 1513 erat,
1150 1433 1272 1497 misere

152 1535 296 1617 amabat,
317 1525 355 1602 vet
379 1538 431 1602 oui
456 1537 558 1602 Thais
583 1536 712 1601 domum
728 1536 877 1602 intrandi
895 1539 1023 1621 copiam
1040 1536 1141 1602 dedit
1188 1538 1271 1603 'Pum

152 1647 262 1706 autem
294 1643 447 1726 Pythias,
479 1666 551 1708 oum
584 1642 733 1711 Chaerea
763 1644 909 1728 puellam
940 1644 1035 1709 illam
1065 1651 1167 1711 antea
1196 1647 1273 1710 viti-

152 1754 253 1829 asset,
277 1751 364 1823 omni
388 1750 484 1816 modo
509 1750 675 1815 dominam
698 1756 781 1831 orat,
804 1773 847 1815 ne
871 1772 945 1814 eum
960 1752 1120 1831 inmittet,
1145 1757 1179 1815 et
1201 1774 1274 1817 eum

151 1855 202 1919 ita
231 1863 433 1938 perseveret,
464 1857 524 1922 ille
555 1878 691 1940 pavens,
722 1878 764 1921 ne
789 1857 892 1922 Thais
924 1857 1135 1942 obsequatur,
1158 1858 1272 1923 verbis

151 1960 247 2026 modo
266 2014 268 2018 .
286 1963 402 2029 allatis
432 1964 591 2047 Pythiam
629 1963 793 2045 obsecrat,
831 1968 868 2028 ut
898 1962 1071 2027 obversari
1108 1962 1275 2029 desistens

153 2089 188 2135 se
216 2075 338 2134 servet.

241 2175 403 2241 Venimus
435 2176 479 2241 ad
511 2198 585 2241 eum
614 2198 709 2241 usum
740 2177 948 2260 Imperativi,
978 2175 1037 2241 uhi
1062 2175 1102 2241 de
1125 2177 1269 2242 futuro

152 2286 316 2366 tempore.
332 2284 368 2349 in
398 2284 498 2349 iussis
530 2283 590 2347 vel·
611 2281 901 2347 adhortationibus
925 2287 1115 2366 usurpatur.
1162 2280 1275 2368 Atque

153 2389 182 2452 si
207 2388 358 2473 exempla
381 2389 424 2455 ad
440 2411 514 2455 eam
529 2411 600 2453 rem
616 2388 785 2467 exstantia
800 2388 1003 2472 inspicimus,
1026 2389 1062 2454 in
1078 2389 1130 2455 his
1148 2410 1275 2473 quoque

154 2514 227 2559 oum
242 2495 413 2578 gravitate
431 2494 496 2560 diei
512 2493 680 2574 videmus;
705 2515 788 2578 quae
804 2495 957 2578 gravitas
974 2494 1174 2580 aliquotiens
1197 2495 1274 2559 inde

62 2671 64 2675 ,
155 2601 280 2682 existit,
316 2602 402 2685 quod
437 2602 558 2686 aliquis
591 2621 664 2666 eum
702 2622 822 2685 magno
861 2607 954 2666 motu
985 2602 1087 2666 enimi
1116 2601 1274 2685 loquitur.

153 2706 229 2772 Huo
252 2729 293 2773 ex
316 2709 667 2794 Terentiopertinet:
700 2707 822 2772 Heaut.
853 2707 935 2775 590:
971 2705 1040 2788 ,At
1063 2712 1101 2772 tu
1131 2707 1187 2791 pol
1210 2706 1276 2772 tihi

153 2815 237 2880 istas
261 2816 401 2900 posthae
426 2815 702 2899 comprimito
725 2816 870 2891 manus‘,
895 2831 979 2894 quae
995 2809 1101 2892 Syrus
1124 2810 1275 2894 indigna·

152 2919 283 2986 bundus
308 2927 342 2986 et
365 2922 495 3000 minans
518 2919 588 2983 fere
612 2917 654 2983 ad
678 2916 879 3001 Clitiphonis
911 2914 1030 2980 verba:
1069 2914 1124 2996 „di
1146 2920 1181 2980 te
1206 2936 1275 2980 era·

155 3027 279 3110 dieent,
303 3029 359 3113 qui
381 3048 434 3092 me
456 3027 534 3091 hine
558 3023 727 3091 extrudis“
757 3020 947 3108 respondet.

243 3135 442 3219 Plerumque
467 3138 579 3198 autem
610 3131 650 3196 de
673 3132 784 3211 futuro
808 3135 957 3214 tempore
980 3129 1178 3214 Imperativi
1202 3149 1275 3213 gra·

154 3220 254 3306 vitas
267 3247 456 3326 usurpatur,
487 3259 549 3323 quo
582 3237 811 3302 vehementius
842 3236 968 3300 iussum
1000 3239 1058 3299 aut
1086 3233 1274 3300 exhortatio

154 3346 214 3414 fiat
238 3352 273 3413 et
295 3349 331 3413 in
353 3353 463 3412 mente
487 3345 628 3411 alterius
644 3343 785 3409 tamdiu
802 3343 949 3423 haereat,
974 3340 1050 3407 dum
1064 3341 1101 3405 id
1115 3342 1275 3426 temporis

154 3461 370 3536 momentum,
401 3475 463 3538 quo
495 3473 550 3519 res
583 3450 759 3516 efficienda
790 3455 858 3530 est,
888 3449 1029 3514 venerit
1074 3448 1156 3511 Eius
1187 3447 1276 3512 modi

154 3566 247 3629 sunt:
271 3560 393 3628 Heaut.
408 3561 488 3625 827:
514 3555 836 3641 „ohseeundato
860 3557 896 3621 in
919 3555 1003 3636 looo,
1026 3552 1113 3638 quod
1135 3555 1274 3638 impera-

155 3668 207 3734 bit
240 3669 394 3748 faeito,
429 3666 627 3750 loquitor
661 3662 832 3749 pauerda.“
895 3663 978 3726 Eun.
1013 3661 1095 3727 214:
1138 3681 1274 3743 „munus

154 3779 304 3840 nostrum
327 3779 481 3840 ornato
504 3771 627 3852 verbis,
652 3768 737 3854 quod
760 3770 896 3854 poteris,
920 3774 955 3834 et
976 3769 1078 3834 istum
1101 3767 1275 3846 aemulum,

156 3881 242 3966 quod
257 3882 394 3967 poteris,
417 3880 460 3947 ab
485 3901 525 3945 ea
547 3878 747 3963 pellito;“
772 3874 818 3940 ib.
834 3875 915 3941 503:
943 3876 991 3957 „si
1007 3873 1043 3940 id
1057 3896 1123 3939 non
1139 3873 1275 3958 poterit,

156 3988 199 4057 ed
221 4010 273 4053 me
289 3987 533 4066 addueito;“
552 3985 597 4050 ib.
615 3984 695 4048 768:
722 3982 1101 4065 „sivimfaoiet,inius
1122 3979 1274 4045 ducito

156 4095 348 4159 hominem.“
397 4093 520 4176 Heeyr.
545 4092 603 4156 76:
638 4087 768 4171 „Senex
791 4089 819 4153 si
844 4095 981 4172 quaeret
1003 4109 1065 4169 me,
1088 4084 1184 4152 modo
1207 4086 1276 4150 isse

157 4201 332 4284 dioito;“
365 4199 412 4265 ib.
435 4201 516 4267 769:
548 4195 637 4281 „Sed
660 4217 734 4261 eum
756 4201 794 4261 tu
818 4201 933 4261 satura
957 4200 1058 4293 atque
1082 4192 1175 4258 ebria
1200 4193 1275 4273 eris,
