<?xml version="1.0" encoding="UTF-8"?>
<!DOCTYPE html PUBLIC "-//W3C//DTD XHTML 1.0 Transitional//EN"
    "http://www.w3.org/TR/xhtml1/DTD/xhtml1-transitional.dtd">
<html xmlns="http://www.w3.org/1999/xhtml" xml:lang="en" lang="en">
 <head>
  <title>
</title>
<meta http-equiv="Content-Type" content="text/html;charset=utf-8" />
  <meta name='ocr-system' content='tesseract 3.04.00' />
  <meta name='ocr-capabilities' content='ocr_page ocr_carea ocr_par ocr_line ocrx_word'/>
</head>
<body>
  <div class='ocr_page' id='page_1' title='image "./denaturaatqueus00stahgoog_0029.png"; bbox 0 0 2858 4696; ppageno 0'>
   <div class='ocr_carea' id='block_1_1' title="bbox 694 172 728 220">
    <p class='ocr_par' dir='ltr' id='par_1_1' title="bbox 694 172 728 220">
     <span class='ocr_line' id='line_1_1' title="bbox 694 172 728 220; baseline 0 0"><span class='ocrx_word' id='word_1_1' title='bbox 694 172 728 220; x_wconf 80' lang='lat'>24</span> 
     </span>
    </p>
   </div>
   <div class='ocr_carea' id='block_1_2' title="bbox 150 344 1273 944">
    <p class='ocr_par' dir='ltr' id='par_1_2' title="bbox 150 344 1273 944">
     <span class='ocr_line' id='line_1_2' title="bbox 150 344 1273 433; baseline 0.002 -23"><span class='ocrx_word' id='word_1_2' title='bbox 150 369 182 432; x_wconf 85' lang='lat' dir='ltr'>p.</span> <span class='ocrx_word' id='word_1_3' title='bbox 206 344 235 412; x_wconf 80' lang='lat'>7.</span> <span class='ocrx_word' id='word_1_4' title='bbox 260 344 297 426; x_wconf 83' lang='lat'>83</span> <span class='ocrx_word' id='word_1_5' title='bbox 320 350 399 412; x_wconf 90' lang='lat' dir='ltr'>sunt</span> <span class='ocrx_word' id='word_1_6' title='bbox 420 345 582 433; x_wconf 81' lang='lat' dir='ltr'>imprimis</span> <span class='ocrx_word' id='word_1_7' title='bbox 607 346 638 412; x_wconf 88' lang='lat' dir='ltr'>ei</span> <span class='ocrx_word' id='word_1_8' title='bbox 660 346 758 412; x_wconf 91' lang='lat' dir='ltr'>multi</span> <span class='ocrx_word' id='word_1_9' title='bbox 780 345 856 428; x_wconf 90' lang='lat' dir='ltr'>loci,</span> <span class='ocrx_word' id='word_1_10' title='bbox 880 345 938 411; x_wconf 92' lang='lat' dir='ltr'>ubi</span> <span class='ocrx_word' id='word_1_11' title='bbox 960 347 1066 432; x_wconf 85' lang='lat' dir='ltr'>primo</span> <span class='ocrx_word' id='word_1_12' title='bbox 1081 346 1155 412; x_wconf 91' lang='lat' dir='ltr'>looo</span> <span class='ocrx_word' id='word_1_13' title='bbox 1178 346 1192 410; x_wconf 93' lang='lat' dir='ltr'>i</span> <span class='ocrx_word' id='word_1_14' title='bbox 1214 346 1273 412; x_wconf 87' lang='lat' dir='ltr'>vel</span> 
     </span>
     <span class='ocr_line' id='line_1_3' title="bbox 152 451 1271 537; baseline -0.001 -20"><span class='ocrx_word' id='word_1_15' title='bbox 152 451 209 517; x_wconf 87' lang='lat' dir='ltr'>sbi</span> <span class='ocrx_word' id='word_1_16' title='bbox 239 452 290 518; x_wconf 92' lang='lat' dir='ltr'>ita</span> <span class='ocrx_word' id='word_1_17' title='bbox 319 451 481 518; x_wconf 84' lang='lat' dir='ltr'>usitatum</span> <span class='ocrx_word' id='word_1_18' title='bbox 512 457 573 534; x_wconf 87' lang='lat' dir='ltr'>est,</span> <span class='ocrx_word' id='word_1_19' title='bbox 603 457 642 518; x_wconf 92' lang='lat' dir='ltr'>ut</span> <span class='ocrx_word' id='word_1_20' title='bbox 673 473 711 518; x_wconf 91' lang='lat' dir='ltr'>eo</span> <span class='ocrx_word' id='word_1_21' title='bbox 742 458 875 518; x_wconf 91' lang='lat' dir='ltr'>tantum</span> <span class='ocrx_word' id='word_1_22' title='bbox 909 453 1036 519; x_wconf 86' lang='lat' dir='ltr'>iussum</span> <span class='ocrx_word' id='word_1_23' title='bbox 1066 452 1271 537; x_wconf 89' lang='lat' dir='ltr'>Imperativo</span> 
     </span>
     <span class='ocr_line' id='line_1_4' title="bbox 153 557 1273 645; baseline 0 -22"><span class='ocrx_word' id='word_1_24' title='bbox 153 558 361 624; x_wconf 86' lang='lat' dir='ltr'>enuntiatum</span> <span class='ocrx_word' id='word_1_25' title='bbox 390 557 631 624; x_wconf 79' lang='lat' dir='ltr'>introducatur.</span> <span class='ocrx_word' id='word_1_26' title='bbox 684 557 806 625; x_wconf 81' lang='lat' dir='ltr'>Confer</span> <span class='ocrx_word' id='word_1_27' title='bbox 828 558 950 645; x_wconf 82' lang='lat' dir='ltr'>Amph,</span> <span class='ocrx_word' id='word_1_28' title='bbox 974 558 1055 626; x_wconf 80' lang='lat'>353:</span> <span class='ocrx_word' id='word_1_29' title='bbox 1092 557 1163 641; x_wconf 84' lang='lat' dir='ltr'>„At</span> <span class='ocrx_word' id='word_1_30' title='bbox 1184 580 1273 624; x_wconf 91' lang='lat' dir='ltr'>nunc</span> 
     </span>
     <span class='ocr_line' id='line_1_5' title="bbox 151 663 1272 749; baseline 0.001 -21"><span class='ocrx_word' id='word_1_31' title='bbox 151 663 207 730; x_wconf 86' lang='lat' dir='ltr'>abi</span> <span class='ocrx_word' id='word_1_32' title='bbox 223 686 313 746; x_wconf 88' lang='lat' dir='ltr'>sane,</span> <span class='ocrx_word' id='word_1_33' title='bbox 329 664 506 730; x_wconf 88' lang='lat' dir='ltr'>advenisse</span> <span class='ocrx_word' id='word_1_34' title='bbox 521 665 698 731; x_wconf 83' lang='lat' dir='ltr'>familiaris</span> <span class='ocrx_word' id='word_1_35' title='bbox 720 664 879 731; x_wconf 89' lang='lat' dir='ltr'>dicit0“</span> <span class='ocrx_word' id='word_1_36' title='bbox 906 664 1003 746; x_wconf 84' lang='lat' dir='ltr'>Asin,</span> <span class='ocrx_word' id='word_1_37' title='bbox 1020 665 1101 731; x_wconf 80' lang='lat'>382:</span> <span class='ocrx_word' id='word_1_38' title='bbox 1128 665 1165 747; x_wconf 89' lang='lat'>,1</span> <span class='ocrx_word' id='word_1_39' title='bbox 1180 686 1272 749; x_wconf 91' lang='lat' dir='ltr'>puer,</span> 
     </span>
     <span class='ocr_line' id='line_1_6' title="bbox 150 770 1272 856; baseline -0.001 -20"><span class='ocrx_word' id='word_1_40' title='bbox 150 771 247 856; x_wconf 91' lang='lat' dir='ltr'>pulta</span> <span class='ocrx_word' id='word_1_41' title='bbox 279 776 379 856; x_wconf 87' lang='lat' dir='ltr'>atque</span> <span class='ocrx_word' id='word_1_42' title='bbox 410 771 591 837; x_wconf 81' lang='lat' dir='ltr'>atriensem</span> <span class='ocrx_word' id='word_1_43' title='bbox 623 770 792 854; x_wconf 76' lang='lat' dir='ltr'>Sauream,</span> <span class='ocrx_word' id='word_1_44' title='bbox 825 772 889 837; x_wconf 89' lang='lat' dir='ltr'>sist</span> <span class='ocrx_word' id='word_1_45' title='bbox 919 772 1021 854; x_wconf 89' lang='lat' dir='ltr'>intus,</span> <span class='ocrx_word' id='word_1_46' title='bbox 1045 776 1184 836; x_wconf 85' lang='lat' dir='ltr'>evocato</span> <span class='ocrx_word' id='word_1_47' title='bbox 1207 771 1272 836; x_wconf 92' lang='lat' dir='ltr'>huo</span> 
     </span>
     <span class='ocr_line' id='line_1_7' title="bbox 153 883 275 944; baseline -0.008 0"><span class='ocrx_word' id='word_1_48' title='bbox 153 883 275 944; x_wconf 87' lang='lat' dir='ltr'>cetera.</span> 
     </span>
    </p>
   </div>
   <div class='ocr_carea' id='block_1_3' title="bbox 186 1248 1235 1479">
    <p class='ocr_par' dir='ltr' id='par_1_3' title="bbox 186 1248 1235 1479">
     <span class='ocr_line' id='line_1_8' title="bbox 186 1248 1235 1332; baseline 0 -1"><span class='ocrx_word' id='word_1_49' title='bbox 186 1250 265 1332; x_wconf 89' lang='grc' dir='ltr'>ΠΙ.</span> <span class='ocrx_word' id='word_1_50' title='bbox 297 1250 360 1331; x_wconf 89' lang='lat' dir='ltr'>De</span> <span class='ocrx_word' id='word_1_51' title='bbox 387 1248 689 1331; x_wconf 77' lang='lat' dir='ltr'>additamentis</span> <span class='ocrx_word' id='word_1_52' title='bbox 716 1249 760 1330; x_wconf 88' lang='lat' dir='ltr'>et</span> <span class='ocrx_word' id='word_1_53' title='bbox 785 1249 840 1331; x_wconf 86' lang='lat' dir='ltr'>ad</span> <span class='ocrx_word' id='word_1_54' title='bbox 866 1248 1085 1332; x_wconf 87' lang='lat' dir='ltr'>Iussivum</span> <span class='ocrx_word' id='word_1_55' title='bbox 1112 1249 1155 1332; x_wconf 90' lang='lat' dir='ltr'>et</span> <span class='ocrx_word' id='word_1_56' title='bbox 1181 1250 1235 1331; x_wconf 85' lang='lat' dir='ltr'>ed</span> 
     </span>
     <span class='ocr_line' id='line_1_9' title="bbox 431 1372 988 1479; baseline -0.004 -24"><span class='ocrx_word' id='word_1_57' title='bbox 431 1372 739 1478; x_wconf 88' lang='lat' dir='ltr'>Imperativum</span> <span class='ocrx_word' id='word_1_58' title='bbox 771 1373 988 1479; x_wconf 86' lang='lat' dir='ltr'>appositis.</span> 
     </span>
    </p>
   </div>
   <div class='ocr_carea' id='block_1_4' title="bbox 152 1585 1274 2954">
    <p class='ocr_par' dir='ltr' id='par_1_4' title="bbox 152 1585 1274 2954">
     <span class='ocr_line' id='line_1_10' title="bbox 245 1585 1274 1676; baseline 0.004 -24"><span class='ocrx_word' id='word_1_59' title='bbox 245 1585 279 1676; x_wconf 93' lang='lat'>1)</span> <span class='ocrx_word' id='word_1_60' title='bbox 303 1609 390 1674; x_wconf 86' lang='lat' dir='ltr'>age.</span> <span class='ocrx_word' id='word_1_61' title='bbox 436 1588 530 1654; x_wconf 89' lang='lat' dir='ltr'>Haeo</span> <span class='ocrx_word' id='word_1_62' title='bbox 553 1610 619 1654; x_wconf 85' lang='lat' dir='ltr'>vox</span> <span class='ocrx_word' id='word_1_63' title='bbox 640 1594 829 1675; x_wconf 88' lang='lat' dir='ltr'>usurpatur,</span> <span class='ocrx_word' id='word_1_64' title='bbox 851 1595 890 1655; x_wconf 92' lang='lat' dir='ltr'>ut</span> <span class='ocrx_word' id='word_1_65' title='bbox 906 1589 1050 1655; x_wconf 87' lang='lat' dir='ltr'>attentio</span> <span class='ocrx_word' id='word_1_66' title='bbox 1074 1590 1213 1655; x_wconf 87' lang='lat' dir='ltr'>alterius</span> <span class='ocrx_word' id='word_1_67' title='bbox 1230 1591 1274 1656; x_wconf 86' lang='lat' dir='ltr'>ad</span> 
     </span>
     <span class='ocr_line' id='line_1_11' title="bbox 152 1691 1273 1781; baseline 0.002 -21"><span class='ocrx_word' id='word_1_68' title='bbox 152 1692 188 1760; x_wconf 93' lang='lat' dir='ltr'>id</span> <span class='ocrx_word' id='word_1_69' title='bbox 218 1691 423 1777; x_wconf 84' lang='lat' dir='ltr'>intendatur,</span> <span class='ocrx_word' id='word_1_70' title='bbox 454 1693 540 1780; x_wconf 92' lang='lat' dir='ltr'>quod</span> <span class='ocrx_word' id='word_1_71' title='bbox 571 1695 693 1780; x_wconf 84' lang='lat' dir='ltr'>aliquis</span> <span class='ocrx_word' id='word_1_72' title='bbox 716 1695 831 1761; x_wconf 87' lang='lat' dir='ltr'>iubere</span> <span class='ocrx_word' id='word_1_73' title='bbox 854 1695 930 1761; x_wconf 85' lang='lat' dir='ltr'>vult</span> <span class='ocrx_word' id='word_1_74' title='bbox 953 1695 1115 1781; x_wconf 90' lang='lat' dir='ltr'>simulque</span> <span class='ocrx_word' id='word_1_75' title='bbox 1139 1696 1182 1761; x_wconf 90' lang='lat' dir='ltr'>ad</span> <span class='ocrx_word' id='word_1_76' title='bbox 1205 1697 1273 1762; x_wconf 87' lang='lat' dir='ltr'>effi·</span> 
     </span>
     <span class='ocr_line' id='line_1_12' title="bbox 154 1800 1273 1884; baseline 0.002 -17"><span class='ocrx_word' id='word_1_77' title='bbox 154 1800 304 1867; x_wconf 88' lang='lat' dir='ltr'>ciendam</span> <span class='ocrx_word' id='word_1_78' title='bbox 325 1822 396 1866; x_wconf 87' lang='lat' dir='ltr'>rem</span> <span class='ocrx_word' id='word_1_79' title='bbox 411 1801 580 1884; x_wconf 89' lang='lat' dir='ltr'>incitetur,</span> <span class='ocrx_word' id='word_1_80' title='bbox 603 1807 642 1867; x_wconf 90' lang='lat' dir='ltr'>ut</span> <span class='ocrx_word' id='word_1_81' title='bbox 662 1824 723 1866; x_wconf 87' lang='lat' dir='ltr'>nos</span> <span class='ocrx_word' id='word_1_82' title='bbox 740 1800 894 1867; x_wconf 83' lang='lat' dir='ltr'>dicimus:</span> <span class='ocrx_word' id='word_1_83' title='bbox 918 1800 1062 1866; x_wconf 87' lang='lat' dir='ltr'>wohlan.</span> <span class='ocrx_word' id='word_1_84' title='bbox 1109 1800 1273 1869; x_wconf 87' lang='lat' dir='ltr'>Similiter</span> 
     </span>
     <span class='ocr_line' id='line_1_13' title="bbox 152 1899 1273 1997; baseline 0.002 -24"><span class='ocrx_word' id='word_1_85' title='bbox 152 1908 188 1973; x_wconf 92' lang='lat' dir='ltr'>in</span> <span class='ocrx_word' id='word_1_86' title='bbox 211 1929 334 1994; x_wconf 85' lang='lat' dir='ltr'>graeca</span> <span class='ocrx_word' id='word_1_87' title='bbox 354 1907 473 1993; x_wconf 83' lang='lat' dir='ltr'>lingua</span> <span class='ocrx_word' id='word_1_88' title='bbox 495 1899 572 1993; x_wconf 59' lang='grc' dir='ltr'>’ἆγε</span> <span class='ocrx_word' id='word_1_89' title='bbox 595 1901 665 1995; x_wconf 74' lang='grc' dir='ltr'>(δὴ)</span> <span class='ocrx_word' id='word_1_90' title='bbox 689 1906 768 1996; x_wconf 73' lang='grc' dir='ltr'>φέρε</span> <span class='ocrx_word' id='word_1_91' title='bbox 790 1902 861 1997; x_wconf 77' lang='grc' dir='ltr'>(δῆ)</span> <span class='ocrx_word' id='word_1_92' title='bbox 883 1907 935 1973; x_wconf 66' lang='lat' dir='ltr'>rar</span> <span class='ocrx_word' id='word_1_93' title='bbox 966 1906 1010 1974; x_wconf 91' lang='lat' dir='ltr'>ad</span> <span class='ocrx_word' id='word_1_94' title='bbox 1031 1909 1273 1994; x_wconf 84' lang='lat' dir='ltr'>imperativum</span> 
     </span>
     <span class='ocr_line' id='line_1_14' title="bbox 153 2012 1271 2102; baseline 0.002 -22"><span class='ocrx_word' id='word_1_95' title='bbox 153 2020 380 2102; x_wconf 82' lang='lat' dir='ltr'>apponuntur3</span> <span class='ocrx_word' id='word_1_96' title='bbox 397 2013 547 2100; x_wconf 82' lang='lat' dir='ltr'>exempla</span> <span class='ocrx_word' id='word_1_97' title='bbox 563 2012 641 2079; x_wconf 86' lang='lat' dir='ltr'>vide</span> <span class='ocrx_word' id='word_1_98' title='bbox 665 2013 753 2100; x_wconf 89' lang='lat' dir='ltr'>apud</span> <span class='ocrx_word' id='word_1_99' title='bbox 768 2013 965 2080; x_wconf 82' lang='lat' dir='ltr'>Ktihnarum</span> <span class='ocrx_word' id='word_1_100' title='bbox 980 2014 1003 2079; x_wconf 88' lang='lat' dir='ltr'>l.</span> <span class='ocrx_word' id='word_1_101' title='bbox 1018 2013 1042 2081; x_wconf 89' lang='lat'>1.</span> <span class='ocrx_word' id='word_1_102' title='bbox 1058 2013 1096 2078; x_wconf 89' lang='lat' dir='ltr'>H</span> <span class='ocrx_word' id='word_1_103' title='bbox 1113 2016 1130 2094; x_wconf 66' lang='grc' dir='ltr'><strong>ἓ</strong></span> <span class='ocrx_word' id='word_1_104' title='bbox 1148 2015 1223 2097; x_wconf 82' lang='grc'>397,</span> <span class='ocrx_word' id='word_1_105' title='bbox 1242 2015 1271 2082; x_wconf 86' lang='lat' dir='ltr'>t.</span> 
     </span>
     <span class='ocr_line' id='line_1_15' title="bbox 152 2119 1272 2206; baseline -0.001 -18"><span class='ocrx_word' id='word_1_106' title='bbox 152 2121 276 2188; x_wconf 83' lang='lat' dir='ltr'>Exstat</span> <span class='ocrx_word' id='word_1_107' title='bbox 308 2120 361 2186; x_wconf 89' lang='lat' dir='ltr'>his</span> <span class='ocrx_word' id='word_1_108' title='bbox 392 2121 493 2186; x_wconf 89' lang='lat' dir='ltr'>locis:</span> <span class='ocrx_word' id='word_1_109' title='bbox 524 2119 613 2185; x_wconf 89' lang='lat' dir='ltr'>And.</span> <span class='ocrx_word' id='word_1_110' title='bbox 645 2121 726 2185; x_wconf 79' lang='lat'>692:</span> <span class='ocrx_word' id='word_1_111' title='bbox 762 2142 876 2206; x_wconf 86' lang='lat' dir='ltr'>„agc,</span> <span class='ocrx_word' id='word_1_112' title='bbox 907 2122 937 2186; x_wconf 89' lang='lat' dir='ltr'>si</span> <span class='ocrx_word' id='word_1_113' title='bbox 968 2120 1111 2186; x_wconf 92' lang='lat' dir='ltr'>hicnon</span> <span class='ocrx_word' id='word_1_114' title='bbox 1134 2121 1272 2204; x_wconf 88' lang='lat' dir='ltr'>insanit,</span> 
     </span>
     <span class='ocr_line' id='line_1_16' title="bbox 154 2225 1270 2314; baseline 0 -20"><span class='ocrx_word' id='word_1_115' title='bbox 154 2250 215 2295; x_wconf 91' lang='lat' dir='ltr'>sua</span> <span class='ocrx_word' id='word_1_116' title='bbox 244 2233 372 2314; x_wconf 87' lang='lat' dir='ltr'>sponte,</span> <span class='ocrx_word' id='word_1_117' title='bbox 394 2227 556 2313; x_wconf 83' lang='lat' dir='ltr'>instiga;“</span> <span class='ocrx_word' id='word_1_118' title='bbox 586 2225 632 2292; x_wconf 91' lang='lat' dir='ltr'>ib.</span> <span class='ocrx_word' id='word_1_119' title='bbox 656 2226 737 2291; x_wconf 79' lang='lat'>975:</span> <span class='ocrx_word' id='word_1_120' title='bbox 772 2247 869 2311; x_wconf 84' lang='lat' dir='ltr'>„age</span> <span class='ocrx_word' id='word_1_121' title='bbox 891 2248 944 2291; x_wconf 91' lang='lat' dir='ltr'>me</span> <span class='ocrx_word' id='word_1_122' title='bbox 966 2228 1001 2292; x_wconf 91' lang='lat' dir='ltr'>in</span> <span class='ocrx_word' id='word_1_123' title='bbox 1024 2228 1092 2292; x_wconf 91' lang='lat' dir='ltr'>tuis</span> <span class='ocrx_word' id='word_1_124' title='bbox 1116 2227 1270 2294; x_wconf 84' lang='lat' dir='ltr'>secundis</span> 
     </span>
     <span class='ocr_line' id='line_1_17' title="bbox 152 2332 1270 2421; baseline -0.001 -20"><span class='ocrx_word' id='word_1_125' title='bbox 152 2335 310 2421; x_wconf 86' lang='lat' dir='ltr'>respice.“</span> <span class='ocrx_word' id='word_1_126' title='bbox 366 2335 489 2400; x_wconf 87' lang='lat' dir='ltr'>Heaut.</span> <span class='ocrx_word' id='word_1_127' title='bbox 517 2334 598 2398; x_wconf 78' lang='lat'>332:</span> <span class='ocrx_word' id='word_1_128' title='bbox 641 2353 759 2418; x_wconf 86' lang='lat' dir='ltr'>„age,</span> <span class='ocrx_word' id='word_1_129' title='bbox 790 2354 853 2418; x_wconf 85' lang='lat' dir='ltr'>ege</span> <span class='ocrx_word' id='word_1_130' title='bbox 886 2332 965 2398; x_wconf 89' lang='lat' dir='ltr'>cedo</span> <span class='ocrx_word' id='word_1_131' title='bbox 1004 2333 1130 2417; x_wconf 87' lang='lat' dir='ltr'>(confer</span> <span class='ocrx_word' id='word_1_132' title='bbox 1160 2334 1270 2401; x_wconf 82' lang='lat' dir='ltr'>Hand.</span> 
     </span>
     <span class='ocr_line' id='line_1_18' title="bbox 155 2439 1270 2527; baseline -0.004 -19"><span class='ocrx_word' id='word_1_133' title='bbox 155 2443 284 2508; x_wconf 76' lang='lat' dir='ltr'>Tursel.</span> <span class='ocrx_word' id='word_1_134' title='bbox 306 2440 344 2505; x_wconf 89' lang='lat' dir='ltr'><strong>H</strong></span> <span class='ocrx_word' id='word_1_135' title='bbox 365 2463 397 2526; x_wconf 89' lang='lat' dir='ltr'>p.</span> <span class='ocrx_word' id='word_1_136' title='bbox 430 2440 543 2527; x_wconf 88' lang='lat' dir='ltr'>10sq.)</span> <span class='ocrx_word' id='word_1_137' title='bbox 566 2440 654 2505; x_wconf 91' lang='lat' dir='ltr'>istuc</span> <span class='ocrx_word' id='word_1_138' title='bbox 685 2443 778 2503; x_wconf 87' lang='lat' dir='ltr'>tuum</span> <span class='ocrx_word' id='word_1_139' title='bbox 802 2439 994 2504; x_wconf 87' lang='lat' dir='ltr'>oonsilium“</span> <span class='ocrx_word' id='word_1_140' title='bbox 1017 2439 1062 2505; x_wconf 89' lang='lat' dir='ltr'>ib.</span> <span class='ocrx_word' id='word_1_141' title='bbox 1087 2440 1167 2508; x_wconf 82' lang='lat'>688:</span> <span class='ocrx_word' id='word_1_142' title='bbox 1204 2439 1270 2507; x_wconf 86' lang='lat' dir='ltr'>Sed</span> 
     </span>
     <span class='ocr_line' id='line_1_19' title="bbox 153 2545 1270 2633; baseline -0.001 -19"><span class='ocrx_word' id='word_1_143' title='bbox 153 2568 249 2629; x_wconf 89' lang='lat' dir='ltr'>nunc,</span> <span class='ocrx_word' id='word_1_144' title='bbox 258 2545 377 2628; x_wconf 78' lang='lat' dir='ltr'>Clinia,</span> <span class='ocrx_word' id='word_1_145' title='bbox 390 2567 467 2632; x_wconf 85' lang='lat' dir='ltr'>age</span> <span class='ocrx_word' id='word_1_146' title='bbox 480 2545 523 2610; x_wconf 86' lang='lat' dir='ltr'>da</span> <span class='ocrx_word' id='word_1_147' title='bbox 534 2545 616 2610; x_wconf 93' lang='lat' dir='ltr'>mihi</span> <span class='ocrx_word' id='word_1_148' title='bbox 627 2545 805 2610; x_wconf 87' lang='lat' dir='ltr'>vicissim.“</span> <span class='ocrx_word' id='word_1_149' title='bbox 824 2546 907 2612; x_wconf 89' lang='lat' dir='ltr'>Eun.</span> <span class='ocrx_word' id='word_1_150' title='bbox 916 2546 997 2614; x_wconf 76' lang='lat'>282:</span> <span class='ocrx_word' id='word_1_151' title='bbox 1013 2568 1053 2630; x_wconf 86' lang='lat' dir='ltr'>,a</span> <span class='ocrx_word' id='word_1_152' title='bbox 1061 2569 1084 2633; x_wconf 85' lang='lat' dir='ltr'>g</span> <span class='ocrx_word' id='word_1_153' title='bbox 1094 2569 1111 2613; x_wconf 91' lang='grc' dir='ltr'>θ</span> <span class='ocrx_word' id='word_1_154' title='bbox 1123 2547 1218 2613; x_wconf 90' lang='lat' dir='ltr'>modo</span> <span class='ocrx_word' id='word_1_155' title='bbox 1231 2548 1270 2613; x_wconf 78' lang='lat' dir='ltr'>i:‘</span> 
     </span>
     <span class='ocr_line' id='line_1_20' title="bbox 153 2651 1273 2740; baseline -0.002 -19"><span class='ocrx_word' id='word_1_156' title='bbox 153 2655 199 2721; x_wconf 91' lang='lat' dir='ltr'>ih.</span> <span class='ocrx_word' id='word_1_157' title='bbox 223 2655 303 2720; x_wconf 85' lang='lat'>694:</span> <span class='ocrx_word' id='word_1_158' title='bbox 339 2674 434 2740; x_wconf 84' lang='lat' dir='ltr'>„age</span> <span class='ocrx_word' id='word_1_159' title='bbox 458 2652 544 2735; x_wconf 92' lang='lat' dir='ltr'>dum,</span> <span class='ocrx_word' id='word_1_160' title='bbox 566 2652 629 2719; x_wconf 92' lang='lat' dir='ltr'>hoc</span> <span class='ocrx_word' id='word_1_161' title='bbox 644 2653 690 2717; x_wconf 91' lang='lat' dir='ltr'>mi</span> <span class='ocrx_word' id='word_1_162' title='bbox 706 2651 853 2738; x_wconf 85' lang='lat' dir='ltr'>expedi.“</span> <span class='ocrx_word' id='word_1_163' title='bbox 898 2653 1030 2718; x_wconf 92' lang='lat' dir='ltr'>Phorm.</span> <span class='ocrx_word' id='word_1_164' title='bbox 1055 2655 1136 2721; x_wconf 80' lang='lat'>784:</span> <span class='ocrx_word' id='word_1_165' title='bbox 1160 2651 1273 2738; x_wconf 84' lang='lat' dir='ltr'>„Age</span> 
     </span>
     <span class='ocr_line' id='line_1_21' title="bbox 155 2757 1274 2844; baseline -0.004 -18"><span class='ocrx_word' id='word_1_166' title='bbox 155 2761 242 2844; x_wconf 89' lang='lat' dir='ltr'>dum,</span> <span class='ocrx_word' id='word_1_167' title='bbox 272 2766 319 2827; x_wconf 71' lang='lat' dir='ltr'>ut&#39;</span> <span class='ocrx_word' id='word_1_168' title='bbox 341 2760 439 2842; x_wconf 89' lang='lat' dir='ltr'>soles,</span> <span class='ocrx_word' id='word_1_169' title='bbox 469 2760 696 2840; x_wconf 84' lang='lat' dir='ltr'>Nausistrata,</span> <span class='ocrx_word' id='word_1_170' title='bbox 726 2759 780 2824; x_wconf 87' lang='lat' dir='ltr'>fao</span> <span class='ocrx_word' id='word_1_171' title='bbox 810 2759 873 2824; x_wconf 89' lang='lat' dir='ltr'>illa</span> <span class='ocrx_word' id='word_1_172' title='bbox 902 2765 941 2826; x_wconf 92' lang='lat' dir='ltr'>ut</span> <span class='ocrx_word' id='word_1_173' title='bbox 978 2759 1131 2844; x_wconf 79' lang='lat' dir='ltr'>placetur</span> <span class='ocrx_word' id='word_1_174' title='bbox 1157 2757 1274 2822; x_wconf 83' lang='lat' dir='ltr'>nobis“</span> 
     </span>
     <span class='ocr_line' id='line_1_22' title="bbox 155 2864 788 2954; baseline -0.009 -19"><span class='ocrx_word' id='word_1_175' title='bbox 155 2867 220 2936; x_wconf 88' lang='lat' dir='ltr'>Ad.</span> <span class='ocrx_word' id='word_1_176' title='bbox 244 2868 325 2934; x_wconf 83' lang='lat'>937:</span> <span class='ocrx_word' id='word_1_177' title='bbox 349 2889 446 2954; x_wconf 84' lang='lat' dir='ltr'>„age</span> <span class='ocrx_word' id='word_1_178' title='bbox 469 2866 512 2932; x_wconf 89' lang='lat' dir='ltr'>da</span> <span class='ocrx_word' id='word_1_179' title='bbox 535 2867 668 2931; x_wconf 89' lang='lat' dir='ltr'>veniam</span> <span class='ocrx_word' id='word_1_180' title='bbox 689 2864 788 2930; x_wconf 86' lang='lat' dir='ltr'>filio.“</span> 
     </span>
    </p>
   </div>
   <div class='ocr_carea' id='block_1_5' title="bbox 157 2987 1271 3188">
    <p class='ocr_par' dir='ltr' id='par_1_5' title="bbox 157 2987 1271 3188">
     <span class='ocr_line' id='line_1_23' title="bbox 243 2987 1271 3080; baseline -0.007 -19"><span class='ocrx_word' id='word_1_181' title='bbox 243 2993 301 3062; x_wconf 82' lang='lat' dir='ltr'>Ad</span> <span class='ocrx_word' id='word_1_182' title='bbox 314 2993 555 3080; x_wconf 89' lang='lat' dir='ltr'>Imperativum</span> <span class='ocrx_word' id='word_1_183' title='bbox 574 2995 690 3079; x_wconf 86' lang='lat' dir='ltr'>„agc“</span> <span class='ocrx_word' id='word_1_184' title='bbox 708 3013 774 3057; x_wconf 90' lang='lat' dir='ltr'>uno</span> <span class='ocrx_word' id='word_1_185' title='bbox 789 2991 863 3056; x_wconf 92' lang='lat' dir='ltr'>loco</span> <span class='ocrx_word' id='word_1_186' title='bbox 880 2987 1030 3055; x_wconf 87' lang='lat' dir='ltr'>additum</span> <span class='ocrx_word' id='word_1_187' title='bbox 1046 2995 1115 3070; x_wconf 78' lang='lat' dir='ltr'>est:</span> <span class='ocrx_word' id='word_1_188' title='bbox 1138 2988 1271 3054; x_wconf 89' lang='lat' dir='ltr'>Phorm.</span> 
     </span>
     <span class='ocr_line' id='line_1_24' title="bbox 157 3095 1179 3188; baseline -0.008 -20"><span class='ocrx_word' id='word_1_189' title='bbox 157 3102 241 3169; x_wconf 79' lang='lat'>1027</span> <span class='ocrx_word' id='word_1_190' title='bbox 252 3124 259 3168; x_wconf 93' lang='lat'>:</span> <span class='ocrx_word' id='word_1_191' title='bbox 292 3123 384 3188; x_wconf 69' lang='lat' dir='ltr'>„aga</span> <span class='ocrx_word' id='word_1_192' title='bbox 414 3121 502 3167; x_wconf 90' lang='lat' dir='ltr'>nunc</span> <span class='ocrx_word' id='word_1_193' title='bbox 525 3099 759 3164; x_wconf 89' lang='lat' dir='ltr'>Phormionem</span> <span class='ocrx_word' id='word_1_194' title='bbox 790 3098 846 3183; x_wconf 89' lang='lat' dir='ltr'>qui</span> <span class='ocrx_word' id='word_1_195' title='bbox 874 3096 968 3161; x_wconf 85' lang='lat' dir='ltr'>volet</span> <span class='ocrx_word' id='word_1_196' title='bbox 989 3095 1179 3162; x_wconf 87' lang='lat' dir='ltr'>lacessitc.“</span> 
     </span>
    </p>
   </div>
   <div class='ocr_carea' id='block_1_6' title="bbox 154 3219 1277 4164">
    <p class='ocr_par' dir='ltr' id='par_1_6' title="bbox 154 3219 1277 4164">
     <span class='ocr_line' id='line_1_25' title="bbox 244 3219 1275 3308; baseline -0.004 -17"><span class='ocrx_word' id='word_1_197' title='bbox 244 3226 278 3308; x_wconf 82' lang='lat'>2)</span> <span class='ocrx_word' id='word_1_198' title='bbox 301 3224 455 3290; x_wconf 89' lang='lat' dir='ltr'>amabo.</span> <span class='ocrx_word' id='word_1_199' title='bbox 501 3223 609 3288; x_wconf 89' lang='lat' dir='ltr'>Huius</span> <span class='ocrx_word' id='word_1_200' title='bbox 633 3221 835 3308; x_wconf 83' lang='lat' dir='ltr'>significatio</span> <span class='ocrx_word' id='word_1_201' title='bbox 858 3221 909 3287; x_wconf 87' lang='lat' dir='ltr'>ito</span> <span class='ocrx_word' id='word_1_202' title='bbox 934 3219 1188 3306; x_wconf 89' lang='lat' dir='ltr'>interpretanda</span> <span class='ocrx_word' id='word_1_203' title='bbox 1212 3226 1275 3303; x_wconf 89' lang='lat' dir='ltr'>est,</span> 
     </span>
     <span class='ocr_line' id='line_1_26' title="bbox 154 3327 1277 3415; baseline -0.004 -18"><span class='ocrx_word' id='word_1_204' title='bbox 154 3337 193 3398; x_wconf 91' lang='lat' dir='ltr'>ut</span> <span class='ocrx_word' id='word_1_205' title='bbox 217 3331 425 3397; x_wconf 87' lang='lat' dir='ltr'>enuntiatum</span> <span class='ocrx_word' id='word_1_206' title='bbox 456 3331 505 3396; x_wconf 91' lang='lat' dir='ltr'>sic</span> <span class='ocrx_word' id='word_1_207' title='bbox 536 3331 746 3415; x_wconf 88' lang='lat' dir='ltr'>suppleatur:</span> <span class='ocrx_word' id='word_1_208' title='bbox 782 3327 910 3410; x_wconf 89' lang='lat' dir='ltr'>amabo,</span> <span class='ocrx_word' id='word_1_209' title='bbox 935 3329 965 3392; x_wconf 85' lang='lat' dir='ltr'>si</span> <span class='ocrx_word' id='word_1_210' title='bbox 993 3348 1033 3392; x_wconf 88' lang='lat' dir='ltr'>ea</span> <span class='ocrx_word' id='word_1_211' title='bbox 1055 3328 1169 3410; x_wconf 82' lang='lat' dir='ltr'>facies,</span> <span class='ocrx_word' id='word_1_212' title='bbox 1192 3348 1277 3413; x_wconf 85' lang='lat' dir='ltr'>quae</span> 
     </span>
     <span class='ocr_line' id='line_1_27' title="bbox 155 3434 1277 3523; baseline -0.005 -19"><span class='ocrx_word' id='word_1_213' title='bbox 155 3445 191 3506; x_wconf 89' lang='lat' dir='ltr'>te</span> <span class='ocrx_word' id='word_1_214' title='bbox 221 3438 309 3504; x_wconf 86' lang='lat' dir='ltr'>volo.</span> <span class='ocrx_word' id='word_1_215' title='bbox 362 3437 414 3503; x_wconf 82' lang='lat' dir='ltr'>Ea</span> <span class='ocrx_word' id='word_1_216' title='bbox 443 3438 549 3523; x_wconf 83' lang='lat' dir='ltr'>igitur</span> <span class='ocrx_word' id='word_1_217' title='bbox 581 3458 664 3503; x_wconf 88' lang='lat' dir='ltr'>voce</span> <span class='ocrx_word' id='word_1_218' title='bbox 694 3437 827 3520; x_wconf 84' lang='lat' dir='ltr'>rogatio</span> <span class='ocrx_word' id='word_1_219' title='bbox 859 3434 1039 3500; x_wconf 84' lang='lat' dir='ltr'>vehemens</span> <span class='ocrx_word' id='word_1_220' title='bbox 1071 3435 1277 3520; x_wconf 83' lang='lat' dir='ltr'>exprimitur,</span> 
     </span>
     <span class='ocr_line' id='line_1_28' title="bbox 156 3541 1276 3632; baseline -0.004 -21"><span class='ocrx_word' id='word_1_221' title='bbox 156 3565 352 3632; x_wconf 85' lang='lat' dir='ltr'>quamquam</span> <span class='ocrx_word' id='word_1_222' title='bbox 380 3564 454 3610; x_wconf 89' lang='lat' dir='ltr'>cnm</span> <span class='ocrx_word' id='word_1_223' title='bbox 483 3549 633 3630; x_wconf 86' lang='lat' dir='ltr'>tempore</span> <span class='ocrx_word' id='word_1_224' title='bbox 663 3545 716 3608; x_wconf 86' lang='lat' dir='ltr'>vis</span> <span class='ocrx_word' id='word_1_225' title='bbox 748 3544 819 3608; x_wconf 89' lang='lat' dir='ltr'>eius</span> <span class='ocrx_word' id='word_1_226' title='bbox 849 3543 979 3607; x_wconf 86' lang='lat' dir='ltr'>minuta</span> <span class='ocrx_word' id='word_1_227' title='bbox 1010 3547 1071 3623; x_wconf 92' lang='lat' dir='ltr'>est,</span> <span class='ocrx_word' id='word_1_228' title='bbox 1094 3546 1133 3607; x_wconf 91' lang='lat' dir='ltr'>ut</span> <span class='ocrx_word' id='word_1_229' title='bbox 1156 3541 1276 3606; x_wconf 87' lang='lat' dir='ltr'>similis</span> 
     </span>
     <span class='ocr_line' id='line_1_29' title="bbox 157 3647 1277 3735; baseline -0.004 -19"><span class='ocrx_word' id='word_1_230' title='bbox 157 3652 203 3717; x_wconf 91' lang='lat' dir='ltr'>sit</span> <span class='ocrx_word' id='word_1_231' title='bbox 224 3657 340 3717; x_wconf 82' lang='lat' dir='ltr'>nostro</span> <span class='ocrx_word' id='word_1_232' title='bbox 364 3649 510 3735; x_wconf 62' lang='lat' dir='ltr'>„dooh“„</span> <span class='ocrx_word' id='word_1_233' title='bbox 529 3671 603 3716; x_wconf 93' lang='lat' dir='ltr'>cum</span> <span class='ocrx_word' id='word_1_234' title='bbox 636 3649 790 3715; x_wconf 90' lang='lat' dir='ltr'>dicimus:</span> <span class='ocrx_word' id='word_1_235' title='bbox 825 3649 906 3715; x_wconf 87' lang='lat' dir='ltr'>thue</span> <span class='ocrx_word' id='word_1_236' title='bbox 930 3647 989 3713; x_wconf 86' lang='lat' dir='ltr'>des</span> <span class='ocrx_word' id='word_1_237' title='bbox 1014 3647 1107 3713; x_wconf 88' lang='lat' dir='ltr'>doch.</span> <span class='ocrx_word' id='word_1_238' title='bbox 1153 3647 1277 3712; x_wconf 86' lang='lat' dir='ltr'>Memo-</span> 
     </span>
     <span class='ocr_line' id='line_1_30' title="bbox 155 3753 1277 3842; baseline -0.005 -18"><span class='ocrx_word' id='word_1_239' title='bbox 155 3756 266 3824; x_wconf 88' lang='lat' dir='ltr'>rabile</span> <span class='ocrx_word' id='word_1_240' title='bbox 296 3763 348 3823; x_wconf 91' lang='lat' dir='ltr'>est</span> <span class='ocrx_word' id='word_1_241' title='bbox 377 3756 475 3822; x_wconf 89' lang='lat' dir='ltr'>huius</span> <span class='ocrx_word' id='word_1_242' title='bbox 505 3758 555 3822; x_wconf 88' lang='lat' dir='ltr'>rei</span> <span class='ocrx_word' id='word_1_243' title='bbox 587 3756 738 3842; x_wconf 84' lang='lat' dir='ltr'>exempla</span> <span class='ocrx_word' id='word_1_244' title='bbox 769 3777 810 3820; x_wconf 89' lang='lat' dir='ltr'>ex</span> <span class='ocrx_word' id='word_1_245' title='bbox 833 3755 984 3820; x_wconf 88' lang='lat' dir='ltr'>omnibus</span> <span class='ocrx_word' id='word_1_246' title='bbox 1007 3753 1132 3820; x_wconf 88' lang='lat' dir='ltr'>fabulis</span> <span class='ocrx_word' id='word_1_247' title='bbox 1158 3755 1277 3819; x_wconf 81' lang='lat' dir='ltr'>Teren-</span> 
     </span>
     <span class='ocr_line' id='line_1_31' title="bbox 156 3861 1276 3949; baseline -0.005 -19"><span class='ocrx_word' id='word_1_248' title='bbox 156 3864 260 3930; x_wconf 86' lang='lat' dir='ltr'>tianis</span> <span class='ocrx_word' id='word_1_249' title='bbox 282 3862 378 3929; x_wconf 88' lang='lat' dir='ltr'>modo</span> <span class='ocrx_word' id='word_1_250' title='bbox 401 3864 437 3930; x_wconf 90' lang='lat' dir='ltr'>in</span> <span class='ocrx_word' id='word_1_251' title='bbox 459 3863 620 3930; x_wconf 83' lang='lat' dir='ltr'>Eunucho</span> <span class='ocrx_word' id='word_1_252' title='bbox 644 3864 787 3949; x_wconf 86' lang='lat' dir='ltr'>quinqua</span> <span class='ocrx_word' id='word_1_253' title='bbox 811 3868 952 3942; x_wconf 82' lang='lat' dir='ltr'>exstare,</span> <span class='ocrx_word' id='word_1_254' title='bbox 975 3861 1034 3927; x_wconf 92' lang='lat' dir='ltr'>uhi</span> <span class='ocrx_word' id='word_1_255' title='bbox 1056 3882 1129 3926; x_wconf 91' lang='lat' dir='ltr'>cum</span> <span class='ocrx_word' id='word_1_256' title='bbox 1144 3861 1276 3926; x_wconf 87' lang='lat' dir='ltr'>Iussivo</span> 
     </span>
     <span class='ocr_line' id='line_1_32' title="bbox 158 3967 1277 4056; baseline -0.004 -21"><span class='ocrx_word' id='word_1_257' title='bbox 158 3970 369 4035; x_wconf 83' lang='lat' dir='ltr'>coniunctum</span> <span class='ocrx_word' id='word_1_258' title='bbox 402 3975 464 4037; x_wconf 88' lang='lat' dir='ltr'>est.</span> <span class='ocrx_word' id='word_1_259' title='bbox 517 3969 717 4056; x_wconf 85' lang='lat' dir='ltr'>Plerumque</span> <span class='ocrx_word' id='word_1_260' title='bbox 749 3974 860 4035; x_wconf 89' lang='lat' dir='ltr'>autem</span> <span class='ocrx_word' id='word_1_261' title='bbox 891 3968 1024 4033; x_wconf 86' lang='lat' dir='ltr'>Iussivo</span> <span class='ocrx_word' id='word_1_262' title='bbox 1055 3967 1277 4054; x_wconf 89' lang='lat' dir='ltr'>postponitur,</span> 
     </span>
     <span class='ocr_line' id='line_1_33' title="bbox 156 4072 1277 4164; baseline -0.005 -20"><span class='ocrx_word' id='word_1_263' title='bbox 156 4076 246 4144; x_wconf 89' lang='lat' dir='ltr'>utin</span> <span class='ocrx_word' id='word_1_264' title='bbox 269 4097 355 4142; x_wconf 88' lang='lat' dir='ltr'>vers.</span> <span class='ocrx_word' id='word_1_265' title='bbox 377 4077 456 4144; x_wconf 84' lang='lat'>130:</span> <span class='ocrx_word' id='word_1_266' title='bbox 480 4077 573 4159; x_wconf 92' lang='lat' dir='ltr'>„Hoc</span> <span class='ocrx_word' id='word_1_267' title='bbox 585 4074 806 4164; x_wconf 84' lang='lat' dir='ltr'>agiteamah</span> <span class='ocrx_word' id='word_1_268' title='bbox 816 4078 863 4141; x_wconf 85' lang='lat' dir='ltr'>o.“</span> <span class='ocrx_word' id='word_1_269' title='bbox 886 4075 967 4140; x_wconf 79' lang='lat'>534:</span> <span class='ocrx_word' id='word_1_270' title='bbox 991 4073 1080 4156; x_wconf 82' lang='lat' dir='ltr'>„Fac</span> <span class='ocrx_word' id='word_1_271' title='bbox 1100 4072 1277 4139; x_wconf 83' lang='lat' dir='ltr'>amabo.“</span> 
     </span>
    </p>
   </div>
   <div class='ocr_carea' id='block_1_7' title="bbox 0 0 1441 4696">
    <p class='ocr_par' dir='ltr' id='par_1_7' title="bbox 0 0 1441 4696">
     <span class='ocr_line' id='line_1_34' title="bbox 0 0 1441 4696; baseline 0 0"><span class='ocrx_word' id='word_1_272' title='bbox 0 0 1441 4696; x_wconf 95' lang='lat' dir='ltr'> </span> 
     </span>
    </p>
   </div>
  </div>
 </body>
</html>
