2858 4696
721 264 755 311 38

657 334 818 342 ———-—

178 435 263 520 quod
294 436 369 516 sois,
398 436 574 502 neseis.“
610 437 732 503 Heaut.
764 438 845 503 748:
880 443 936 519 „tu
966 439 1110 504 neseis
1140 439 1175 505 id
1211 439 1298 524 quod

177 545 252 625 sois,
276 545 409 624 Dromo,
440 544 478 607 si
499 544 694 628 ·sapies,“
718 567 781 629 quo
808 546 843 609 in
867 547 1052 630 posteriore
1076 546 1225 631 exemplo
1249 547 1298 610 fu-

177 655 287 715 turum
310 651 459 736 „sapies“
484 650 678 736 comprobat
701 673 859 736 praesens
885 654 1069 733 „nesois“
1093 654 1195 719 futuri
1224 654 1298 718 loeo

176 757 323 840 positum
351 778 434 822 esse.
490 756 688 824 Continetur
720 764 830 824 autem
853 760 889 824 in
913 760 961 824 eis
985 759 1182 826 admonitio:
1218 781 1298 846 ergo

176 864 313 944 nescito,
353 863 439 948 quod
477 871 544 930 est:
586 866 716 931 neseire
754 871 789 931 te
824 866 951 952 fingite.
1008 868 1112 932 Plura
1148 868 1300 952 exempla

178 969 265 1056 apud
288 971 446 1036 Plautum
476 972 649 1057 leguntur:
686 972 765 1038 Aul.
796 973 877 1040 401:
913 980 951 1038 tu
976 975 1078 1039 istum
1101 974 1236 1059 gallum,
1261 974 1299 1038 si

177 1078 314 1161 sapis,
346 1077 559 1143 Glabrionem
590 1078 746 1144 reddes
777 1079 858 1144 mihi
888 1102 986 1164 quam
1016 1081 1130 1145 volsus
1161 1079 1299 1145 ludiust.

177 1183 264 1248 Men.
291 1185 369 1250 121:
404 1185 491 1250 malo
517 1186 713 1267 cavebis,
738 1187 773 1251 si
799 1188 927 1271 sapis.
972 1187 1179 1251 Marones:
1204 1187 1299 1272 atqui

178 1289 290 1354 hercle
321 1292 523 1357 invenies
555 1298 592 1356 tu
622 1293 732 1357 locum
762 1293 824 1372 illi,
857 1294 891 1357 si
915 1295 1044 1378 sapis.
1089 1293 1190 1358 Most.
1215 1293 1297 1358 515:

177 1418 243 1461 non
267 1419 318 1462 me
342 1398 611 1483 appellabis,
636 1399 673 1463 si
697 1401 825 1484 sapis.
872 1398 969 1465 Asin.
1000 1401 1079 1467 372:
1113 1405 1153 1465 tu
1175 1421 1296 1464 eave-

177 1503 260 1584 bis,
284 1526 326 1568 ne
350 1527 401 1570 me
425 1505 584 1589 attingas,
609 1506 645 1569 si
669 1507 798 1591 sapis.
845 1505 965 1572 Confer
997 1529 1069 1572 oum
1097 1507 1150 1572 his
1174 1508 1297 1573 Heaut.
1377 1541 1381 1548 ·

178 1611 258 1675 379:
294 1610 405 1692 abeas,
429 1613 459 1676 si
482 1613 603 1696 sapias.
638 1613 720 1677 Heo.
736 1614 818 1681 493:
843 1614 872 1678 si
889 1636 989 1679 sanus
1006 1616 1081 1694 sies,
1104 1613 1182 1678 iube
1202 1614 1295 1680 illam

177 1716 296 1782 redire.
348 1717 443 1782 Idem
474 1723 526 1782 est
557 1739 619 1783 usu
650 1720 771 1784 Futuri
802 1719 889 1805 apud
921 1720 1079 1801 Graecos,
1103 1719 1180 1784 vide
1204 1720 1293 1785 Piat.

178 1824 270 1889 Prot.
295 1848 326 1910 p.
358 1825 422 1890 338
454 1823 502 1888 A:
538 1817 583 1902 dg
612 1817 666 1890 adv
688 1819 837 1911 ποιήςετε
866 1825 917 1891 uei
940 1825 1101 1894 nsi-baudi
1122 1852 1187 1910 μοι,
1209 1827 1295 1892 Xen.

177 1931 266 1995 Hist.
297 1953 345 2017 gr.
375 1931 422 2012 II,
446 1932 476 2012 3,
508 1931 566 1995 34:
605 1924 695 2014 ὑμεῖς
718 1923 782 2012 οὖν,
812 1925 869 1997 e'oir
891 1933 1084 2019 σωφρονῆτε,
1108 1926 1146 1998 οὐ
1167 1925 1291 2013 τούτου,

179 2031 249 2102 ἀλλ’
272 2031 358 2121 ὑμῶν
380 2037 552 2127 rpeiosods3
576 2037 674 2122 plura
704 2035 780 2101 vide
807 2035 893 2122 apud
918 2036 1141 2118 Kuehnerum,
1166 2037 1223 2104 Gr.
1247 2060 1295 2123 gr.

179 2143 225 2224 II,
249 2146 269 2224 ξ
294 2143 369 2223 387,
392 2144 421 2209 5.

268 2251 365 2315 Nune
390 2249 562 2315 dicendum
587 2256 639 2315 est
663 2249 703 2314 de
726 2250 954 2336 negativis
980 2251 1171 2332 enuntiatis,
1196 2256 1295 2336 atque

178 2357 319 2441 primum
343 2357 473 2442 quidem
498 2356 538 2422 de

473 2676 589 2757 VIII.
625 2680 679 2757 ne
711 2699 808 2756 eum
836 2677 1017 2758 Iussivo.

269 2892 362 2956 Haeo
379 2896 547 2956 structura
562 2890 620 2955 ubi
636 2889 724 2975 apud
744 2891 935 2955 Terentium
951 2896 1139 2975 usurpatur,
1163 2895 1296 2954 strenue

181 3005 216 3063 et
238 2997 430 3082 plerumque
454 3018 526 3062 oum
549 2996 780 3082 indignatione
804 2997 996 3081 imperatur,
1019 3017 1061 3060 ne
1078 2994 1204 3080 aliquid
1220 2995 1297 3074 fiat,

181 3110 280 3189 atque
311 3104 385 3188 ipsa
418 3102 532 3169 brevis
564 3106 669 3168 forma
699 3105 771 3170 aori
803 3125 883 3168 sono
914 3104 1130 3187 pronuntiata
1170 3102 1297 3186 aliquid

182 3210 255 3277 duri
286 3210 399 3276 habet.
460 3210 567 3276 Simul
605 3211 666 3274 hoe
697 3209 878 3275 notandum
910 3215 963 3275 est
993 3231 1066 3274 eam
1096 3214 1298 3275 structuram

182 3317 269 3402 apud
285 3317 477 3383 Terentium
489 3318 597 3383 rarius
609 3315 770 3396 adhiberi,
783 3339 880 3402 quam
892 3338 952 3397 „ne
966 3338 1038 3381 cum
1051 3315 1298 3397 Coniunctivo“,

183 3424 222 3489 de
247 3445 311 3508 qua
334 3425 579 3490 construetione
603 3429 721 3508 postea
745 3422 861 3488 dioam.
906 3424 1069 3508 Exempla
1098 3425 1181 3489 haee
1205 3428 1298 3488 sunt:

183 3530 271 3598 And.
295 3532 378 3599 543:
417 3530 503 3613 „Aa
535 3551 584 3595 ne
614 3551 666 3595 me
693 3530 889 3611 obseura,
914 3531 1007 3614 quasi
1031 3531 1093 3595 hoo
1116 3536 1150 3596 te
1175 3528 1298 3595 orando

183 3661 204 3704 a
227 3661 279 3704 me
302 3640 482 3723 impetrare
498 3640 679 3722 oporteat.“
725 3637 780 3702 Ita
797 3636 952 3702 Chremes
969 3636 1113 3702 Simonis
1136 3636 1299 3721 precibus,

182 3750 220 3810 ut
243 3744 313 3810 filio
339 3747 409 3810 eius
433 3766 526 3809 suam
549 3743 653 3808 filiam
677 3743 905 3828 desponderet,
928 3742 1122 3829 indignatus
1142 3766 1213 3808 eam
1229 3764 1299 3807 rem

182 3854 317 3918 mittere
342 3873 415 3916 eum
444 3850 548 3916 iubet.
589 3851 711 3916 Heaut.
735 3852 814 3916 564:
847 3851 968 3932 „Hisce
992 3850 1096 3914 oeulis
1120 3849 1227 3936 (vidi),
1250 3872 1299 3913 ne

183 3964 318 4044 nega.“
363 3959 436 4024 Hos
453 3956 608 4023 Chremes
620 3955 726 4021 fflium
745 3978 848 4038 suum,
864 3959 919 4041 qui
932 3956 974 4022 ad
986 3958 1298 4040 interrogationem:

184 4064 303 4146 „vidin’
335 4087 396 4150 ego
430 4070 464 4129 te
495 4062 590 4128 modo
613 4084 745 4127 manum
772 4065 806 4128 in
831 4066 938 4128 sinum
960 4063 1038 4127 huie
1061 4063 1229 4128 meretrici
1251 4063 1300 4126 in-

183 4171 339 4238 serere‘?
369 4169 588 4256 respondens:
622 4169 742 4236 mene?
769 4169 854 4236 illud
885 4170 1034 4254 negavit,
1064 4176 1102 4235 ut
1131 4191 1202 4234 rem
1225 4190 1299 4233 oon·
