<?xml version="1.0" encoding="UTF-8"?>
<!DOCTYPE html PUBLIC "-//W3C//DTD XHTML 1.0 Transitional//EN"
    "http://www.w3.org/TR/xhtml1/DTD/xhtml1-transitional.dtd">
<html xmlns="http://www.w3.org/1999/xhtml" xml:lang="en" lang="en">
 <head>
  <title>
</title>
<meta http-equiv="Content-Type" content="text/html;charset=utf-8" />
  <meta name='ocr-system' content='tesseract 3.04.00' />
  <meta name='ocr-capabilities' content='ocr_page ocr_carea ocr_par ocr_line ocrx_word'/>
</head>
<body>
  <div class='ocr_page' id='page_1' title='image "./denaturaatqueus00stahgoog_0042.png"; bbox 0 0 2858 4696; ppageno 0'>
   <div class='ocr_carea' id='block_1_1' title="bbox 684 264 717 312">
    <p class='ocr_par' dir='ltr' id='par_1_1' title="bbox 684 264 717 312">
     <span class='ocr_line' id='line_1_1' title="bbox 684 264 717 312; baseline -0.03 0"><span class='ocrx_word' id='word_1_1' title='bbox 684 264 717 312; x_wconf 81' lang='lat'>37</span> 
     </span>
    </p>
   </div>
   <div class='ocr_carea' id='block_1_2' title="bbox 621 334 781 342">
    <p class='ocr_par' dir='ltr' id='par_1_2' title="bbox 621 334 781 342">
     <span class='ocr_line' id='line_1_2' title="bbox 621 334 781 342; baseline 0 0"><span class='ocrx_word' id='word_1_2' title='bbox 621 334 781 342; x_wconf 39' lang='grc' dir='ltr'>*ἢ*</span> 
     </span>
    </p>
   </div>
   <div class='ocr_carea' id='block_1_3' title="bbox 139 437 1261 1062">
    <p class='ocr_par' dir='ltr' id='par_1_3' title="bbox 139 437 1261 1062">
     <span class='ocr_line' id='line_1_3' title="bbox 230 437 1261 526; baseline -0.004 -20"><span class='ocrx_word' id='word_1_3' title='bbox 230 441 263 522; x_wconf 86' lang='grc'>3)</span> <span class='ocrx_word' id='word_1_4' title='bbox 287 441 398 526; x_wconf 90' lang='lat' dir='ltr'>quin.</span> <span class='ocrx_word' id='word_1_5' title='bbox 446 440 520 505; x_wconf 88' lang='lat' dir='ltr'>Hoc</span> <span class='ocrx_word' id='word_1_6' title='bbox 536 440 662 526; x_wconf 84' lang='lat' dir='ltr'>legitur</span> <span class='ocrx_word' id='word_1_7' title='bbox 678 437 787 504; x_wconf 83' lang='lat' dir='ltr'>tribus</span> <span class='ocrx_word' id='word_1_8' title='bbox 800 439 903 506; x_wconf 79' lang='lat' dir='ltr'>locis:</span> <span class='ocrx_word' id='word_1_9' title='bbox 928 437 1016 503; x_wconf 86' lang='lat' dir='ltr'>And.</span> <span class='ocrx_word' id='word_1_10' title='bbox 1032 439 1114 504; x_wconf 78' lang='lat'>399:</span> <span class='ocrx_word' id='word_1_11' title='bbox 1134 439 1261 522; x_wconf 82' lang='lat' dir='ltr'>,quin</span> 
     </span>
     <span class='ocr_line' id='line_1_4' title="bbox 140 544 1260 631; baseline -0.005 -17"><span class='ocrx_word' id='word_1_12' title='bbox 140 547 281 615; x_wconf 80' lang='lat' dir='ltr'>taces“?</span> <span class='ocrx_word' id='word_1_13' title='bbox 333 547 456 612; x_wconf 87' lang='lat' dir='ltr'>Heaut.</span> <span class='ocrx_word' id='word_1_14' title='bbox 496 547 577 612; x_wconf 82' lang='lat'><strong>832:</strong></span> <span class='ocrx_word' id='word_1_15' title='bbox 631 546 746 631; x_wconf 86' lang='lat' dir='ltr'>,quin</span> <span class='ocrx_word' id='word_1_16' title='bbox 788 544 959 630; x_wconf 78' lang='lat' dir='ltr'>accipis“?</span> <span class='ocrx_word' id='word_1_17' title='bbox 1008 546 1141 610; x_wconf 88' lang='lat' dir='ltr'>Phorm.</span> <span class='ocrx_word' id='word_1_18' title='bbox 1179 545 1260 609; x_wconf 79' lang='lat'>429:</span> 
     </span>
     <span class='ocr_line' id='line_1_5' title="bbox 143 652 1261 741; baseline -0.003 -21"><span class='ocrx_word' id='word_1_19' title='bbox 143 654 279 741; x_wconf 91' lang='lat' dir='ltr'>„quin,</span> <span class='ocrx_word' id='word_1_20' title='bbox 303 654 389 739; x_wconf 91' lang='lat' dir='ltr'>quod</span> <span class='ocrx_word' id='word_1_21' title='bbox 420 660 473 719; x_wconf 86' lang='lat' dir='ltr'>est</span> <span class='ocrx_word' id='word_1_22' title='bbox 503 652 686 734; x_wconf 85' lang='lat' dir='ltr'>ferundum,</span> <span class='ocrx_word' id='word_1_23' title='bbox 710 652 826 717; x_wconf 81' lang='lat' dir='ltr'>fere“?</span> <span class='ocrx_word' id='word_1_24' title='bbox 872 654 945 717; x_wconf 90' lang='lat' dir='ltr'>Hoc</span> <span class='ocrx_word' id='word_1_25' title='bbox 974 674 1101 737; x_wconf 87' lang='lat' dir='ltr'>quoque</span> <span class='ocrx_word' id='word_1_26' title='bbox 1126 659 1261 717; x_wconf 86' lang='lat' dir='ltr'>strenue</span> 
     </span>
     <span class='ocr_line' id='line_1_6' title="bbox 139 758 1261 841; baseline -0.004 -14"><span class='ocrx_word' id='word_1_27' title='bbox 139 765 265 828; x_wconf 80' lang='lat' dir='ltr'>iussum</span> <span class='ocrx_word' id='word_1_28' title='bbox 288 766 346 827; x_wconf 90' lang='lat' dir='ltr'>aut</span> <span class='ocrx_word' id='word_1_29' title='bbox 369 761 549 827; x_wconf 75' lang='lat' dir='ltr'>admonitio</span> <span class='ocrx_word' id='word_1_30' title='bbox 574 761 777 841; x_wconf 79' lang='lat' dir='ltr'>enuntiatur,</span> <span class='ocrx_word' id='word_1_31' title='bbox 800 766 838 824; x_wconf 89' lang='lat' dir='ltr'>ut</span> <span class='ocrx_word' id='word_1_32' title='bbox 852 781 913 825; x_wconf 79' lang='lat' dir='ltr'>nos</span> <span class='ocrx_word' id='word_1_33' title='bbox 930 758 1082 825; x_wconf 82' lang='lat' dir='ltr'>dicimus:</span> <span class='ocrx_word' id='word_1_34' title='bbox 1118 759 1261 825; x_wconf 85' lang='lat' dir='ltr'>Warum</span> 
     </span>
     <span class='ocr_line' id='line_1_7' title="bbox 140 866 1261 935; baseline -0.003 -2"><span class='ocrx_word' id='word_1_35' title='bbox 140 870 275 934; x_wconf 82' lang='lat' dir='ltr'>nimmst</span> <span class='ocrx_word' id='word_1_36' title='bbox 305 868 349 932; x_wconf 82' lang='lat' dir='ltr'>du</span> <span class='ocrx_word' id='word_1_37' title='bbox 381 889 415 934; x_wconf 81' lang='lat' dir='ltr'>es</span> <span class='ocrx_word' id='word_1_38' title='bbox 446 867 565 935; x_wconf 80' lang='lat' dir='ltr'>nicht?</span> <span class='ocrx_word' id='word_1_39' title='bbox 597 866 632 932; x_wconf 91' lang='lat' dir='ltr'>id</span> <span class='ocrx_word' id='word_1_40' title='bbox 666 873 732 933; x_wconf 83' lang='lat' dir='ltr'>est:</span> <span class='ocrx_word' id='word_1_41' title='bbox 767 869 868 931; x_wconf 90' lang='lat' dir='ltr'>nimm</span> <span class='ocrx_word' id='word_1_42' title='bbox 897 888 931 931; x_wconf 86' lang='lat' dir='ltr'>es</span> <span class='ocrx_word' id='word_1_43' title='bbox 956 867 1049 932; x_wconf 90' lang='lat' dir='ltr'>doch.</span> <span class='ocrx_word' id='word_1_44' title='bbox 1097 867 1261 932; x_wconf 82' lang='lat' dir='ltr'>Similiter</span> 
     </span>
     <span class='ocr_line' id='line_1_8' title="bbox 139 977 634 1062; baseline -0.002 -22"><span class='ocrx_word' id='word_1_45' title='bbox 139 977 245 1062; x_wconf 84' lang='lat' dir='ltr'>igitur</span> <span class='ocrx_word' id='word_1_46' title='bbox 267 982 447 1061; x_wconf 80' lang='lat' dir='ltr'>usurpatur</span> <span class='ocrx_word' id='word_1_47' title='bbox 470 997 524 1041; x_wconf 90' lang='lat' dir='ltr'>ao:</span> <span class='ocrx_word' id='word_1_48' title='bbox 559 998 634 1040; x_wconf 90' lang='lat' dir='ltr'>non.</span> 
     </span>
    </p>
   </div>
   <div class='ocr_carea' id='block_1_4' title="bbox 71 1080 1302 1790">
    <p class='ocr_par' dir='ltr' id='par_1_4' title="bbox 71 1080 1302 1790">
     <span class='ocr_line' id='line_1_9' title="bbox 175 1080 1260 1174; baseline -0.002 -28"><span class='ocrx_word' id='word_1_49' title='bbox 175 1172 177 1174; x_wconf 15' lang='grc' dir='ltr'>Ι</span> <span class='ocrx_word' id='word_1_50' title='bbox 228 1080 264 1169; x_wconf 83' lang='grc'>4)</span> <span class='ocrx_word' id='word_1_51' title='bbox 289 1084 419 1148; x_wconf 87' lang='lat' dir='ltr'>etiam</span> <span class='ocrx_word' id='word_1_52' title='bbox 448 1082 560 1148; x_wconf 75' lang='lat' dir='ltr'>tribur</span> <span class='ocrx_word' id='word_1_53' title='bbox 588 1083 672 1148; x_wconf 82' lang='lat' dir='ltr'>locis</span> <span class='ocrx_word' id='word_1_54' title='bbox 705 1083 739 1146; x_wconf 91' lang='lat' dir='ltr'>in</span> <span class='ocrx_word' id='word_1_55' title='bbox 771 1082 835 1146; x_wconf 90' lang='lat' dir='ltr'>hac</span> <span class='ocrx_word' id='word_1_56' title='bbox 870 1087 1040 1147; x_wconf 79' lang='lat' dir='ltr'>structura</span> <span class='ocrx_word' id='word_1_57' title='bbox 1073 1082 1260 1147; x_wconf 86' lang='lat' dir='ltr'>invenitur:</span> 
     </span>
     <span class='ocr_line' id='line_1_10' title="bbox 140 1187 1262 1271; baseline -0.002 -18"><span class='ocrx_word' id='word_1_58' title='bbox 140 1188 261 1255; x_wconf 81' lang='lat' dir='ltr'>Heaut.</span> <span class='ocrx_word' id='word_1_59' title='bbox 293 1189 374 1255; x_wconf 81' lang='lat'>235:</span> <span class='ocrx_word' id='word_1_60' title='bbox 413 1191 562 1271; x_wconf 89' lang='lat' dir='ltr'>,etiam</span> <span class='ocrx_word' id='word_1_61' title='bbox 594 1187 719 1254; x_wconf 81' lang='lat' dir='ltr'>caves?</span> <span class='ocrx_word' id='word_1_62' title='bbox 761 1188 894 1253; x_wconf 90' lang='lat' dir='ltr'>Phorm.</span> <span class='ocrx_word' id='word_1_63' title='bbox 926 1188 1004 1252; x_wconf 79' lang='lat'>542:</span> <span class='ocrx_word' id='word_1_64' title='bbox 1043 1188 1197 1267; x_wconf 86' lang='lat' dir='ltr'>„otiam</span> <span class='ocrx_word' id='word_1_65' title='bbox 1224 1193 1262 1252; x_wconf 94' lang='lat' dir='ltr'>tu</span> 
     </span>
     <span class='ocr_line' id='line_1_11' title="bbox 139 1293 1261 1378; baseline -0.002 -18"><span class='ocrx_word' id='word_1_66' title='bbox 139 1296 217 1360; x_wconf 92' lang='lat' dir='ltr'>hino</span> <span class='ocrx_word' id='word_1_67' title='bbox 242 1296 364 1361; x_wconf 85' lang='lat' dir='ltr'>abis““</span> <span class='ocrx_word' id='word_1_68' title='bbox 402 1295 467 1361; x_wconf 85' lang='lat' dir='ltr'>Ad.</span> <span class='ocrx_word' id='word_1_69' title='bbox 491 1295 571 1361; x_wconf 82' lang='lat'>550:</span> <span class='ocrx_word' id='word_1_70' title='bbox 608 1295 759 1376; x_wconf 91' lang='lat' dir='ltr'>„etiam</span> <span class='ocrx_word' id='word_1_71' title='bbox 781 1293 919 1360; x_wconf 81' lang='lat' dir='ltr'>taces“?</span> <span class='ocrx_word' id='word_1_72' title='bbox 966 1293 1161 1378; x_wconf 68' lang='lat' dir='ltr'>congruunt</span> <span class='ocrx_word' id='word_1_73' title='bbox 1188 1316 1261 1358; x_wconf 90' lang='lat' dir='ltr'>cum</span> 
     </span>
     <span class='ocr_line' id='line_1_12' title="bbox 139 1401 1261 1487; baseline -0.002 -21"><span class='ocrx_word' id='word_1_74' title='bbox 139 1403 201 1485; x_wconf 80' lang='lat' dir='ltr'>hie,</span> <span class='ocrx_word' id='word_1_75' title='bbox 225 1424 309 1487; x_wconf 86' lang='lat' dir='ltr'>quae</span> <span class='ocrx_word' id='word_1_76' title='bbox 325 1402 477 1468; x_wconf 83' lang='lat' dir='ltr'>Handiun</span> <span class='ocrx_word' id='word_1_77' title='bbox 494 1403 625 1468; x_wconf 83' lang='lat' dir='ltr'>Tursel.</span> <span class='ocrx_word' id='word_1_78' title='bbox 642 1403 725 1486; x_wconf 89' lang='lat' dir='ltr'>Hp.</span> <span class='ocrx_word' id='word_1_79' title='bbox 743 1402 809 1468; x_wconf 84' lang='grc'>574</span> <span class='ocrx_word' id='word_1_80' title='bbox 833 1401 966 1466; x_wconf 79' lang='lat' dir='ltr'>dicerit:</span> <span class='ocrx_word' id='word_1_81' title='bbox 990 1401 1261 1485; x_wconf 86' lang='lat' dir='ltr'>Interrogatione</span> 
     </span>
     <span class='ocr_line' id='line_1_13' title="bbox 71 1506 1263 1594; baseline -0.002 -20"><span class='ocrx_word' id='word_1_82' title='bbox 71 1534 76 1544; x_wconf 91' lang='lat'><strong>·</strong></span> <span class='ocrx_word' id='word_1_83' title='bbox 140 1531 215 1574; x_wconf 90' lang='lat' dir='ltr'>oum</span> <span class='ocrx_word' id='word_1_84' title='bbox 236 1511 460 1594; x_wconf 86' lang='lat' dir='ltr'>praesumitur</span> <span class='ocrx_word' id='word_1_85' title='bbox 490 1508 525 1573; x_wconf 87' lang='lat' dir='ltr'>id</span> <span class='ocrx_word' id='word_1_86' title='bbox 557 1509 642 1594; x_wconf 90' lang='lat' dir='ltr'>quod</span> <span class='ocrx_word' id='word_1_87' title='bbox 674 1508 826 1573; x_wconf 77' lang='lat' dir='ltr'>veifieri</span> <span class='ocrx_word' id='word_1_88' title='bbox 854 1508 1014 1588; x_wconf 83' lang='lat' dir='ltr'>iubemus,</span> <span class='ocrx_word' id='word_1_89' title='bbox 1038 1512 1090 1573; x_wconf 84' lang='lat' dir='ltr'>vel</span> <span class='ocrx_word' id='word_1_90' title='bbox 1114 1506 1201 1592; x_wconf 92' lang='lat' dir='ltr'>quod</span> <span class='ocrx_word' id='word_1_91' title='bbox 1224 1512 1263 1572; x_wconf 90' lang='lat' dir='ltr'>ut</span> 
     </span>
     <span class='ocr_line' id='line_1_14' title="bbox 140 1612 1261 1700; baseline -0.003 -20"><span class='ocrx_word' id='word_1_92' title='bbox 140 1616 200 1681; x_wconf 88' lang='lat' dir='ltr'>fiat</span> <span class='ocrx_word' id='word_1_93' title='bbox 222 1617 257 1681; x_wconf 91' lang='lat' dir='ltr'>in</span> <span class='ocrx_word' id='word_1_94' title='bbox 288 1618 378 1682; x_wconf 82' lang='lat' dir='ltr'>votis</span> <span class='ocrx_word' id='word_1_95' title='bbox 408 1616 578 1697; x_wconf 81' lang='lat' dir='ltr'>habemus,</span> <span class='ocrx_word' id='word_1_96' title='bbox 609 1616 745 1700; x_wconf 90' lang='lat' dir='ltr'>ponitur</span> <span class='ocrx_word' id='word_1_97' title='bbox 777 1616 917 1697; x_wconf 87' lang='lat' dir='ltr'>„etiam“</span> <span class='ocrx_word' id='word_1_98' title='bbox 949 1637 1011 1699; x_wconf 93' lang='lat' dir='ltr'>quo</span> <span class='ocrx_word' id='word_1_99' title='bbox 1044 1616 1167 1680; x_wconf 79' lang='lat' dir='ltr'>certior</span> <span class='ocrx_word' id='word_1_100' title='bbox 1189 1612 1261 1678; x_wconf 89' lang='lat' dir='ltr'>red·</span> 
     </span>
     <span class='ocr_line' id='line_1_15' title="bbox 141 1721 1302 1790; baseline -0.003 -2"><span class='ocrx_word' id='word_1_101' title='bbox 141 1723 240 1789; x_wconf 90' lang='lat' dir='ltr'>datur</span> <span class='ocrx_word' id='word_1_102' title='bbox 270 1745 334 1788; x_wconf 77' lang='lat' dir='ltr'>rea.</span> <span class='ocrx_word' id='word_1_103' title='bbox 396 1723 556 1790; x_wconf 84' lang='lat' dir='ltr'>Germani</span> <span class='ocrx_word' id='word_1_104' title='bbox 594 1722 712 1787; x_wconf 89' lang='lat' dir='ltr'>dicunt</span> <span class='ocrx_word' id='word_1_105' title='bbox 742 1723 797 1787; x_wconf 74' lang='lat' dir='ltr'>uel</span> <span class='ocrx_word' id='word_1_106' title='bbox 829 1722 913 1786; x_wconf 87' lang='lat' dir='ltr'>doch</span> <span class='ocrx_word' id='word_1_107' title='bbox 944 1723 999 1787; x_wconf 87' lang='lat' dir='ltr'>vel</span> <span class='ocrx_word' id='word_1_108' title='bbox 1031 1721 1124 1786; x_wconf 87' lang='lat' dir='ltr'>auch.</span> <span class='ocrx_word' id='word_1_109' title='bbox 1160 1722 1262 1785; x_wconf 86' lang='lat' dir='ltr'>etiam</span> <span class='ocrx_word' id='word_1_110' title='bbox 1300 1732 1302 1737; x_wconf 85' lang='lat'>&#39;</span> 
     </span>
    </p>
   </div>
   <div class='ocr_carea' id='block_1_5' title="bbox 37 1826 1262 1902">
    <p class='ocr_par' dir='ltr' id='par_1_5' title="bbox 37 1826 1262 1902">
     <span class='ocr_line' id='line_1_16' title="bbox 37 1826 1262 1902; baseline -0.01 0"><span class='ocrx_word' id='word_1_111' title='bbox 37 1898 39 1902; x_wconf 12' lang='grc' dir='ltr'><em>Α</em></span> <span class='ocrx_word' id='word_1_112' title='bbox 142 1852 257 1896; x_wconf 83' lang='lat' dir='ltr'>caves:</span> <span class='ocrx_word' id='word_1_113' title='bbox 296 1830 351 1895; x_wconf 91' lang='lat' dir='ltr'>Du</span> <span class='ocrx_word' id='word_1_114' title='bbox 372 1831 490 1897; x_wconf 80' lang='lat' dir='ltr'>hiitest</span> <span class='ocrx_word' id='word_1_115' title='bbox 506 1830 582 1894; x_wconf 89' lang='lat' dir='ltr'>dioh</span> <span class='ocrx_word' id='word_1_116' title='bbox 599 1829 707 1894; x_wconf 76' lang='lat' dir='ltr'>doch?</span> <span class='ocrx_word' id='word_1_117' title='bbox 744 1830 831 1893; x_wconf 82' lang='lat' dir='ltr'>sive:</span> <span class='ocrx_word' id='word_1_118' title='bbox 863 1829 979 1894; x_wconf 80' lang='lat' dir='ltr'>hiitest</span> <span class='ocrx_word' id='word_1_119' title='bbox 1000 1828 1042 1893; x_wconf 92' lang='lat' dir='ltr'>du</span> <span class='ocrx_word' id='word_1_120' title='bbox 1059 1827 1135 1893; x_wconf 88' lang='lat' dir='ltr'>dioh</span> <span class='ocrx_word' id='word_1_121' title='bbox 1151 1826 1262 1892; x_wconf 83' lang='lat' dir='ltr'>auch?</span> 
     </span>
    </p>
   </div>
   <div class='ocr_carea' id='block_1_6' title="bbox 142 2129 1262 2337">
    <p class='ocr_par' dir='ltr' id='par_1_6' title="bbox 142 2129 1262 2337">
     <span class='ocr_line' id='line_1_17' title="bbox 142 2129 1262 2234; baseline -0.005 -20"><span class='ocrx_word' id='word_1_122' title='bbox 142 2133 235 2214; x_wconf 88' lang='lat' dir='ltr'>VII.</span> <span class='ocrx_word' id='word_1_123' title='bbox 282 2134 344 2214; x_wconf 93' lang='lat' dir='ltr'>De</span> <span class='ocrx_word' id='word_1_124' title='bbox 389 2131 628 2213; x_wconf 83' lang='lat' dir='ltr'>Indioativo</span> <span class='ocrx_word' id='word_1_125' title='bbox 675 2131 830 2211; x_wconf 78' lang='lat' dir='ltr'>Futuri</span> <span class='ocrx_word' id='word_1_126' title='bbox 881 2153 958 2234; x_wconf 85' lang='lat' dir='ltr'>pro</span> <span class='ocrx_word' id='word_1_127' title='bbox 1004 2129 1262 2233; x_wconf 85' lang='lat' dir='ltr'>Imperativo</span> 
     </span>
     <span class='ocr_line' id='line_1_18' title="bbox 602 2255 926 2337; baseline -0.012 0"><span class='ocrx_word' id='word_1_128' title='bbox 602 2255 795 2337; x_wconf 82' lang='lat' dir='ltr'>adhibito</span> <span class='ocrx_word' id='word_1_129' title='bbox 923 2276 926 2281; x_wconf 70' lang='grc'>’</span> 
     </span>
    </p>
   </div>
   <div class='ocr_carea' id='block_1_7' title="bbox 139 2470 1337 4046">
    <p class='ocr_par' dir='ltr' id='par_1_7' title="bbox 139 2470 1263 3408">
     <span class='ocr_line' id='line_1_19' title="bbox 142 2470 1259 2557; baseline -0.002 -21"><span class='ocrx_word' id='word_1_130' title='bbox 142 2472 265 2557; x_wconf 88' lang='lat' dir='ltr'>duplici</span> <span class='ocrx_word' id='word_1_131' title='bbox 289 2473 420 2537; x_wconf 88' lang='lat' dir='ltr'>ratione</span> <span class='ocrx_word' id='word_1_132' title='bbox 448 2493 469 2536; x_wconf 87' lang='lat' dir='ltr'>a</span> <span class='ocrx_word' id='word_1_133' title='bbox 493 2473 649 2536; x_wconf 79' lang='lat' dir='ltr'>Terentio</span> <span class='ocrx_word' id='word_1_134' title='bbox 682 2476 870 2556; x_wconf 80' lang='lat' dir='ltr'>usurpatur.</span> <span class='ocrx_word' id='word_1_135' title='bbox 923 2470 1017 2535; x_wconf 80' lang='lat' dir='ltr'>Unus</span> <span class='ocrx_word' id='word_1_136' title='bbox 1042 2476 1095 2535; x_wconf 83' lang='lat' dir='ltr'>est</span> <span class='ocrx_word' id='word_1_137' title='bbox 1116 2470 1146 2535; x_wconf 80' lang='lat' dir='ltr'>is</span> <span class='ocrx_word' id='word_1_138' title='bbox 1170 2490 1259 2550; x_wconf 82' lang='lat' dir='ltr'>usus,</span> 
     </span>
     <span class='ocr_line' id='line_1_20' title="bbox 140 2577 1262 2662; baseline -0.002 -20"><span class='ocrx_word' id='word_1_139' title='bbox 140 2578 198 2642; x_wconf 91' lang='lat' dir='ltr'>ubi</span> <span class='ocrx_word' id='word_1_140' title='bbox 229 2579 355 2643; x_wconf 82' lang='lat' dir='ltr'>iussum</span> <span class='ocrx_word' id='word_1_141' title='bbox 386 2577 520 2662; x_wconf 88' lang='lat' dir='ltr'>aliquod</span> <span class='ocrx_word' id='word_1_142' title='bbox 550 2578 765 2662; x_wconf 87' lang='lat' dir='ltr'>imperatoria</span> <span class='ocrx_word' id='word_1_143' title='bbox 803 2578 838 2641; x_wconf 87' lang='lat' dir='ltr'>vi</span> <span class='ocrx_word' id='word_1_144' title='bbox 878 2578 1089 2657; x_wconf 86' lang='lat' dir='ltr'>enuntiatur;</span> <span class='ocrx_word' id='word_1_145' title='bbox 1125 2578 1175 2642; x_wconf 87' lang='lat' dir='ltr'>ita</span> <span class='ocrx_word' id='word_1_146' title='bbox 1207 2577 1262 2660; x_wconf 93' lang='lat' dir='ltr'>qui</span> 
     </span>
     <span class='ocr_line' id='line_1_21' title="bbox 139 2682 1261 2770; baseline -0.001 -22"><span class='ocrx_word' id='word_1_147' title='bbox 139 2685 296 2770; x_wconf 89' lang='lat' dir='ltr'>loquitur,</span> <span class='ocrx_word' id='word_1_148' title='bbox 326 2682 408 2748; x_wconf 85' lang='lat' dir='ltr'>adeo</span> <span class='ocrx_word' id='word_1_149' title='bbox 441 2683 578 2748; x_wconf 87' lang='lat' dir='ltr'>confidit</span> <span class='ocrx_word' id='word_1_150' title='bbox 608 2684 751 2754; x_wconf 84' lang='lat' dir='ltr'>alterum</span> <span class='ocrx_word' id='word_1_151' title='bbox 776 2682 868 2748; x_wconf 82' lang='lat' dir='ltr'>iussa</span> <span class='ocrx_word' id='word_1_152' title='bbox 899 2683 1093 2748; x_wconf 87' lang='lat' dir='ltr'>effecturum</span> <span class='ocrx_word' id='word_1_153' title='bbox 1117 2704 1198 2763; x_wconf 83' lang='lat' dir='ltr'>esse,</span> <span class='ocrx_word' id='word_1_154' title='bbox 1222 2688 1261 2747; x_wconf 90' lang='lat' dir='ltr'>ut</span> 
     </span>
     <span class='ocr_line' id='line_1_22' title="bbox 141 2789 1260 2876; baseline -0.002 -21"><span class='ocrx_word' id='word_1_155' title='bbox 141 2812 181 2856; x_wconf 85' lang='lat' dir='ltr'>aa</span> <span class='ocrx_word' id='word_1_156' title='bbox 215 2792 329 2856; x_wconf 84' lang='lat' dir='ltr'>futura</span> <span class='ocrx_word' id='word_1_157' title='bbox 360 2812 432 2856; x_wconf 81' lang='lat' dir='ltr'>esse</span> <span class='ocrx_word' id='word_1_158' title='bbox 464 2789 653 2856; x_wconf 88' lang='lat' dir='ltr'>contendat.</span> <span class='ocrx_word' id='word_1_159' title='bbox 706 2791 868 2876; x_wconf 82' lang='lat' dir='ltr'>Exempla</span> <span class='ocrx_word' id='word_1_160' title='bbox 899 2796 992 2855; x_wconf 86' lang='lat' dir='ltr'>sunt:</span> <span class='ocrx_word' id='word_1_161' title='bbox 1029 2790 1151 2854; x_wconf 90' lang='lat' dir='ltr'>Heaut.</span> <span class='ocrx_word' id='word_1_162' title='bbox 1180 2790 1260 2855; x_wconf 83' lang='lat'>833:</span> 
     </span>
     <span class='ocr_line' id='line_1_23' title="bbox 141 2896 1262 2983; baseline -0.003 -20"><span class='ocrx_word' id='word_1_163' title='bbox 141 2904 197 2980; x_wconf 91' lang='lat' dir='ltr'>„tu</span> <span class='ocrx_word' id='word_1_164' title='bbox 228 2897 282 2963; x_wconf 92' lang='lat' dir='ltr'>hio</span> <span class='ocrx_word' id='word_1_165' title='bbox 312 2920 372 2962; x_wconf 87' lang='lat' dir='ltr'>nos</span> <span class='ocrx_word' id='word_1_166' title='bbox 405 2897 699 2983; x_wconf 63' lang='lat' dir='ltr'>opperiberef‘</span> <span class='ocrx_word' id='word_1_167' title='bbox 734 2899 816 2963; x_wconf 90' lang='lat' dir='ltr'>Hec.</span> <span class='ocrx_word' id='word_1_168' title='bbox 848 2897 928 2963; x_wconf 84' lang='lat'>590:</span> <span class='ocrx_word' id='word_1_169' title='bbox 964 2896 1072 2979; x_wconf 85' lang='lat' dir='ltr'>„haud</span> <span class='ocrx_word' id='word_1_170' title='bbox 1103 2897 1262 2977; x_wconf 83' lang='lat' dir='ltr'>facies,</span> 
     </span>
     <span class='ocr_line' id='line_1_24' title="bbox 140 3004 1262 3089; baseline -0.002 -20"><span class='ocrx_word' id='word_1_171' title='bbox 140 3026 247 3089; x_wconf 90' lang='lat' dir='ltr'>neque</span> <span class='ocrx_word' id='word_1_172' title='bbox 270 3006 376 3069; x_wconf 83' lang='lat' dir='ltr'>sinam</span> <span class='ocrx_word' id='word_1_173' title='bbox 400 3054 407 3068; x_wconf 92' lang='lat'>.</span> <span class='ocrx_word' id='word_1_174' title='bbox 432 3055 439 3068; x_wconf 92' lang='lat'><strong>.</strong></span> <span class='ocrx_word' id='word_1_175' title='bbox 463 3054 471 3068; x_wconf 92' lang='lat'><strong>.</strong></span> <span class='ocrx_word' id='word_1_176' title='bbox 497 3009 512 3040; x_wconf 87' lang='lat'><strong>“</strong></span> <span class='ocrx_word' id='word_1_177' title='bbox 551 3004 639 3069; x_wconf 88' lang='lat' dir='ltr'>And.</span> <span class='ocrx_word' id='word_1_178' title='bbox 663 3004 744 3069; x_wconf 80' lang='lat'>205:</span> <span class='ocrx_word' id='word_1_179' title='bbox 780 3026 840 3085; x_wconf 90' lang='lat' dir='ltr'>„ne</span> <span class='ocrx_word' id='word_1_180' title='bbox 864 3010 988 3070; x_wconf 90' lang='lat' dir='ltr'>temere</span> <span class='ocrx_word' id='word_1_181' title='bbox 1010 3005 1132 3083; x_wconf 83' lang='lat' dir='ltr'>facias,</span> <span class='ocrx_word' id='word_1_182' title='bbox 1156 3024 1262 3088; x_wconf 90' lang='lat' dir='ltr'>neque</span> 
     </span>
     <span class='ocr_line' id='line_1_25' title="bbox 139 3108 1263 3195; baseline -0.002 -18"><span class='ocrx_word' id='word_1_183' title='bbox 139 3118 187 3177; x_wconf 55' lang='lat' dir='ltr'>tu¹</span> <span class='ocrx_word' id='word_1_184' title='bbox 207 3110 297 3176; x_wconf 86' lang='lat' dir='ltr'>haud</span> <span class='ocrx_word' id='word_1_185' title='bbox 329 3110 450 3175; x_wconf 85' lang='lat' dir='ltr'>dices</span> <span class='ocrx_word' id='word_1_186' title='bbox 482 3111 547 3176; x_wconf 89' lang='lat' dir='ltr'>tibi</span> <span class='ocrx_word' id='word_1_187' title='bbox 578 3133 644 3176; x_wconf 91' lang='lat' dir='ltr'>non</span> <span class='ocrx_word' id='word_1_188' title='bbox 674 3109 924 3195; x_wconf 81' lang='lat' dir='ltr'>praedictum.“·</span> <span class='ocrx_word' id='word_1_189' title='bbox 947 3111 1005 3176; x_wconf 89' lang='lat' dir='ltr'>cfr.</span> <span class='ocrx_word' id='word_1_190' title='bbox 1030 3110 1097 3176; x_wconf 83' lang='lat' dir='ltr'>Oic.</span> <span class='ocrx_word' id='word_1_191' title='bbox 1122 3108 1164 3174; x_wconf 88' lang='lat' dir='ltr'>ad</span> <span class='ocrx_word' id='word_1_192' title='bbox 1187 3109 1263 3177; x_wconf 88' lang='lat' dir='ltr'>Att.</span> 
     </span>
     <span class='ocr_line' id='line_1_26' title="bbox 139 3216 1263 3302; baseline -0.002 -20"><span class='ocrx_word' id='word_1_193' title='bbox 139 3219 217 3298; x_wconf 87' lang='lat' dir='ltr'>XV,</span> <span class='ocrx_word' id='word_1_194' title='bbox 244 3219 293 3298; x_wconf 83' lang='grc'>15,</span> <span class='ocrx_word' id='word_1_195' title='bbox 317 3216 354 3280; x_wconf 84' lang='lat'>4:</span> <span class='ocrx_word' id='word_1_196' title='bbox 391 3217 569 3283; x_wconf 80' lang='lat' dir='ltr'>curabis</span> <span class='ocrx_word' id='word_1_197' title='bbox 595 3219 701 3302; x_wconf 84' lang='lat' dir='ltr'>igitur</span> <span class='ocrx_word' id='word_1_198' title='bbox 725 3222 768 3298; x_wconf 86' lang='lat' dir='ltr'>ct,</span> <span class='ocrx_word' id='word_1_199' title='bbox 792 3219 821 3283; x_wconf 82' lang='lat' dir='ltr'>si</span> <span class='ocrx_word' id='word_1_200' title='bbox 846 3216 924 3302; x_wconf 89' lang='lat' dir='ltr'>quid</span> <span class='ocrx_word' id='word_1_201' title='bbox 956 3217 1021 3283; x_wconf 92' lang='lat' dir='ltr'>tibi</span> <span class='ocrx_word' id='word_1_202' title='bbox 1046 3216 1086 3282; x_wconf 92' lang='lat' dir='ltr'>de</span> <span class='ocrx_word' id='word_1_203' title='bbox 1109 3238 1148 3281; x_wconf 92' lang='grc' dir='ltr'>θο</span> <span class='ocrx_word' id='word_1_204' title='bbox 1172 3216 1263 3281; x_wconf 89' lang='lat' dir='ltr'>vide-</span> 
     </span>
     <span class='ocr_line' id='line_1_27' title="bbox 139 3323 1262 3408; baseline -0.001 -20"><span class='ocrx_word' id='word_1_205' title='bbox 139 3324 240 3404; x_wconf 90' lang='lat' dir='ltr'>bitur,</span> <span class='ocrx_word' id='word_1_206' title='bbox 272 3324 453 3389; x_wconf 81' lang='lat' dir='ltr'>scribes.</span> <span class='ocrx_word' id='word_1_207' title='bbox 488 3324 531 3389; x_wconf 90' lang='lat' dir='ltr'>ad</span> <span class='ocrx_word' id='word_1_208' title='bbox 562 3324 656 3392; x_wconf 82' lang='lat' dir='ltr'>Fam.</span> <span class='ocrx_word' id='word_1_209' title='bbox 688 3325 785 3404; x_wconf 87' lang='lat' dir='ltr'>XIV,</span> <span class='ocrx_word' id='word_1_210' title='bbox 817 3327 853 3390; x_wconf 88' lang='lat'>8:</span> <span class='ocrx_word' id='word_1_211' title='bbox 899 3325 928 3388; x_wconf 83' lang='lat' dir='ltr'>ni</span> <span class='ocrx_word' id='word_1_212' title='bbox 960 3323 1038 3408; x_wconf 92' lang='lat' dir='ltr'>quid</span> <span class='ocrx_word' id='word_1_213' title='bbox 1068 3324 1147 3388; x_wconf 88' lang='lat' dir='ltr'>novi</span> <span class='ocrx_word' id='word_1_214' title='bbox 1179 3325 1262 3388; x_wconf 88' lang='lat' dir='ltr'>aeci·</span> 
     </span>
    </p>

    <p class='ocr_par' dir='ltr' id='par_1_8' title="bbox 139 3414 1337 4046">
     <span class='ocr_line' id='line_1_28' title="bbox 141 3414 1337 3515; baseline -0.001 -21"><span class='ocrx_word' id='word_1_215' title='bbox 141 3430 237 3511; x_wconf 88' lang='lat' dir='ltr'>derit,</span> <span class='ocrx_word' id='word_1_216' title='bbox 261 3431 415 3508; x_wconf 86' lang='lat' dir='ltr'>facies,</span> <span class='ocrx_word' id='word_1_217' title='bbox 438 3437 477 3496; x_wconf 92' lang='lat' dir='ltr'>ut</span> <span class='ocrx_word' id='word_1_218' title='bbox 500 3433 612 3505; x_wconf 81' lang='lat' dir='ltr'>sciam.</span> <span class='ocrx_word' id='word_1_219' title='bbox 636 3466 680 3477; x_wconf 93' lang='lat'>-—-</span> <span class='ocrx_word' id='word_1_220' title='bbox 704 3429 786 3495; x_wconf 87' lang='lat' dir='ltr'>Alia</span> <span class='ocrx_word' id='word_1_221' title='bbox 803 3437 855 3495; x_wconf 81' lang='lat' dir='ltr'>est</span> <span class='ocrx_word' id='word_1_222' title='bbox 870 3432 968 3511; x_wconf 89' lang='lat' dir='ltr'>ratio,</span> <span class='ocrx_word' id='word_1_223' title='bbox 991 3451 1067 3496; x_wconf 91' lang='lat' dir='ltr'>cum</span> <span class='ocrx_word' id='word_1_224' title='bbox 1082 3431 1131 3510; x_wconf 81' lang='lat' dir='ltr'>„si</span> <span class='ocrx_word' id='word_1_225' title='bbox 1152 3431 1261 3515; x_wconf 74' lang='grc' dir='ltr'>θθρὶθιι</span> <span class='ocrx_word' id='word_1_226' title='bbox 1335 3414 1337 3418; x_wconf 42' lang='grc'>’</span> 
     </span>
     <span class='ocr_line' id='line_1_29' title="bbox 140 3535 1262 3622; baseline -0.001 -21"><span class='ocrx_word' id='word_1_227' title='bbox 140 3538 196 3602; x_wconf 87' lang='lat' dir='ltr'>vel</span> <span class='ocrx_word' id='word_1_228' title='bbox 219 3539 268 3618; x_wconf 86' lang='lat' dir='ltr'>„si</span> <span class='ocrx_word' id='word_1_229' title='bbox 298 3538 427 3622; x_wconf 65' lang='lat' dir='ltr'>sapien*</span> <span class='ocrx_word' id='word_1_230' title='bbox 451 3537 514 3602; x_wconf 87' lang='lat' dir='ltr'>tali</span> <span class='ocrx_word' id='word_1_231' title='bbox 549 3537 721 3602; x_wconf 87' lang='lat' dir='ltr'>enuntiato</span> <span class='ocrx_word' id='word_1_232' title='bbox 746 3536 907 3616; x_wconf 78' lang='lat' dir='ltr'>adicitur3</span> <span class='ocrx_word' id='word_1_233' title='bbox 929 3538 979 3601; x_wconf 86' lang='lat' dir='ltr'>ita</span> <span class='ocrx_word' id='word_1_234' title='bbox 1003 3537 1091 3601; x_wconf 92' lang='lat' dir='ltr'>enim</span> <span class='ocrx_word' id='word_1_235' title='bbox 1112 3535 1262 3601; x_wconf 83' lang='lat' dir='ltr'>modeste</span> 
     </span>
     <span class='ocr_line' id='line_1_30' title="bbox 139 3640 1261 3729; baseline -0.001 -21"><span class='ocrx_word' id='word_1_236' title='bbox 139 3648 301 3724; x_wconf 88' lang='lat' dir='ltr'>monetur,</span> <span class='ocrx_word' id='word_1_237' title='bbox 331 3648 369 3708; x_wconf 89' lang='lat' dir='ltr'>ut</span> <span class='ocrx_word' id='word_1_238' title='bbox 400 3643 527 3727; x_wconf 91' lang='lat' dir='ltr'>aliquid</span> <span class='ocrx_word' id='word_1_239' title='bbox 558 3642 636 3723; x_wconf 88' lang='lat' dir='ltr'>fiat;</span> <span class='ocrx_word' id='word_1_240' title='bbox 667 3666 744 3708; x_wconf 88' lang='lat' dir='ltr'>nam</span> <span class='ocrx_word' id='word_1_241' title='bbox 776 3640 910 3729; x_wconf 88' lang='lat' dir='ltr'>proprie</span> <span class='ocrx_word' id='word_1_242' title='bbox 942 3643 1081 3708; x_wconf 87' lang='lat' dir='ltr'>dicitnr:</span> <span class='ocrx_word' id='word_1_243' title='bbox 1116 3649 1173 3723; x_wconf 88' lang='lat' dir='ltr'>„tu</span> <span class='ocrx_word' id='word_1_244' title='bbox 1200 3643 1261 3707; x_wconf 91' lang='lat' dir='ltr'>hoc</span> 
     </span>
     <span class='ocr_line' id='line_1_31' title="bbox 140 3750 1261 3834; baseline 0 -21"><span class='ocrx_word' id='word_1_245' title='bbox 140 3750 253 3830; x_wconf 76' lang='lat' dir='ltr'>facien,</span> <span class='ocrx_word' id='word_1_246' title='bbox 277 3751 306 3814; x_wconf 82' lang='lat' dir='ltr'>si</span> <span class='ocrx_word' id='word_1_247' title='bbox 329 3751 448 3834; x_wconf 79' lang='lat' dir='ltr'>sapis,“</span> <span class='ocrx_word' id='word_1_248' title='bbox 481 3751 514 3813; x_wconf 89' lang='lat' dir='ltr'>in</span> <span class='ocrx_word' id='word_1_249' title='bbox 540 3771 579 3831; x_wconf 90' lang='lat' dir='ltr'>eo</span> <span class='ocrx_word' id='word_1_250' title='bbox 603 3755 714 3815; x_wconf 89' lang='lat' dir='ltr'>autem</span> <span class='ocrx_word' id='word_1_251' title='bbox 739 3750 927 3815; x_wconf 86' lang='lat' dir='ltr'>exhortatio</span> <span class='ocrx_word' id='word_1_252' title='bbox 955 3751 1061 3816; x_wconf 84' lang='lat' dir='ltr'>inest:</span> <span class='ocrx_word' id='word_1_253' title='bbox 1096 3771 1174 3834; x_wconf 85' lang='lat' dir='ltr'>ergo</span> <span class='ocrx_word' id='word_1_254' title='bbox 1199 3751 1261 3830; x_wconf 88' lang='lat' dir='ltr'>fao,</span> 
     </span>
     <span class='ocr_line' id='line_1_32' title="bbox 140 3856 1262 3942; baseline 0 -22"><span class='ocrx_word' id='word_1_255' title='bbox 140 3857 169 3920; x_wconf 79' lang='lat' dir='ltr'>ai</span> <span class='ocrx_word' id='word_1_256' title='bbox 204 3857 337 3940; x_wconf 82' lang='lat' dir='ltr'>sapiens</span> <span class='ocrx_word' id='word_1_257' title='bbox 373 3874 446 3920; x_wconf 81' lang='lat' dir='ltr'>esse</span> <span class='ocrx_word' id='word_1_258' title='bbox 481 3858 542 3921; x_wconf 82' lang='lat' dir='ltr'>vis.</span> <span class='ocrx_word' id='word_1_259' title='bbox 599 3856 771 3921; x_wconf 82' lang='lat' dir='ltr'>Eiusmodi</span> <span class='ocrx_word' id='word_1_260' title='bbox 810 3856 898 3942; x_wconf 90' lang='lat' dir='ltr'>apud</span> <span class='ocrx_word' id='word_1_261' title='bbox 935 3857 1128 3922; x_wconf 78' lang='lat' dir='ltr'>Terentium</span> <span class='ocrx_word' id='word_1_262' title='bbox 1162 3878 1262 3921; x_wconf 91' lang='lat' dir='ltr'>unum</span> 
     </span>
     <span class='ocr_line' id='line_1_33' title="bbox 141 3961 1262 4046; baseline 0.002 -20"><span class='ocrx_word' id='word_1_263' title='bbox 141 3961 325 4046; x_wconf 84' lang='lat' dir='ltr'>exemplum</span> <span class='ocrx_word' id='word_1_264' title='bbox 343 3968 468 4027; x_wconf 84' lang='lat' dir='ltr'>exstat:</span> <span class='ocrx_word' id='word_1_265' title='bbox 506 3963 627 4028; x_wconf 89' lang='lat' dir='ltr'>Heaut.</span> <span class='ocrx_word' id='word_1_266' title='bbox 644 3964 726 4029; x_wconf 73' lang='lat'>870:</span> <span class='ocrx_word' id='word_1_267' title='bbox 763 3963 840 4044; x_wconf 81' lang='lat' dir='ltr'>„sed</span> <span class='ocrx_word' id='word_1_268' title='bbox 856 3964 939 4028; x_wconf 89' lang='lat' dir='ltr'>haee</span> <span class='ocrx_word' id='word_1_269' title='bbox 959 3964 1010 4028; x_wconf 92' lang='lat' dir='ltr'>uti</span> <span class='ocrx_word' id='word_1_270' title='bbox 1027 3970 1114 4044; x_wconf 86' lang='lat' dir='ltr'>eunt,</span> <span class='ocrx_word' id='word_1_271' title='bbox 1139 3965 1262 4028; x_wconf 89' lang='lat' dir='ltr'>cautim</span> 
     </span>
    </p>
   </div>
   <div class='ocr_carea' id='block_1_8' title="bbox 32 4068 1261 4155">
    <p class='ocr_par' dir='ltr' id='par_1_9' title="bbox 32 4068 1261 4155">
     <span class='ocr_line' id='line_1_34' title="bbox 32 4068 1261 4155; baseline -0.002 -18"><span class='ocrx_word' id='word_1_272' title='bbox 32 4132 35 4137; x_wconf 90' lang='lat'><em>.</em></span> <span class='ocrx_word' id='word_1_273' title='bbox 142 4074 176 4133; x_wconf 93' lang='lat' dir='ltr'>et</span> <span class='ocrx_word' id='word_1_274' title='bbox 199 4069 362 4152; x_wconf 88' lang='lat' dir='ltr'>paulatim</span> <span class='ocrx_word' id='word_1_275' title='bbox 386 4068 529 4150; x_wconf 80' lang='lat' dir='ltr'>dabis,</span> <span class='ocrx_word' id='word_1_276' title='bbox 553 4070 590 4134; x_wconf 82' lang='lat' dir='ltr'>si</span> <span class='ocrx_word' id='word_1_277' title='bbox 614 4072 790 4155; x_wconf 83' lang='lat' dir='ltr'>sapies.“</span> <span class='ocrx_word' id='word_1_278' title='bbox 836 4070 974 4135; x_wconf 84' lang='lat' dir='ltr'>Duobus</span> <span class='ocrx_word' id='word_1_279' title='bbox 998 4069 1080 4134; x_wconf 85' lang='lat' dir='ltr'>locis</span> <span class='ocrx_word' id='word_1_280' title='bbox 1104 4092 1261 4154; x_wconf 80' lang='lat' dir='ltr'>praesens</span> 
     </span>
    </p>
   </div>
   <div class='ocr_carea' id='block_1_9' title="bbox 107 4174 1261 4270">
    <p class='ocr_par' dir='ltr' id='par_1_10' title="bbox 107 4174 1261 4270">
     <span class='ocr_line' id='line_1_35' title="bbox 107 4174 1261 4270; baseline 0.003 -32"><span class='ocrx_word' id='word_1_281' title='bbox 107 4265 108 4270; x_wconf 5' lang='grc' dir='ltr'>ἵ</span> <span class='ocrx_word' id='word_1_282' title='bbox 139 4175 174 4239; x_wconf 92' lang='lat' dir='ltr'>in</span> <span class='ocrx_word' id='word_1_283' title='bbox 197 4174 259 4241; x_wconf 91' lang='lat' dir='ltr'>hac</span> <span class='ocrx_word' id='word_1_284' title='bbox 283 4181 452 4242; x_wconf 82' lang='lat' dir='ltr'>structura</span> <span class='ocrx_word' id='word_1_285' title='bbox 476 4177 661 4243; x_wconf 85' lang='lat' dir='ltr'>invenitur:</span> <span class='ocrx_word' id='word_1_286' title='bbox 696 4177 781 4242; x_wconf 80' lang='lat' dir='ltr'>Eun.</span> <span class='ocrx_word' id='word_1_287' title='bbox 806 4178 883 4242; x_wconf 78' lang='lat'>721:</span> <span class='ocrx_word' id='word_1_288' title='bbox 909 4182 965 4258; x_wconf 77' lang='lat' dir='ltr'>,tu</span> <span class='ocrx_word' id='word_1_289' title='bbox 988 4177 1053 4262; x_wconf 90' lang='lat' dir='ltr'>pol,</span> <span class='ocrx_word' id='word_1_290' title='bbox 1078 4178 1114 4241; x_wconf 84' lang='lat' dir='ltr'>si</span> <span class='ocrx_word' id='word_1_291' title='bbox 1131 4178 1261 4262; x_wconf 84' lang='lat' dir='ltr'>sapis,</span> 
     </span>
    </p>
   </div>
   <div class='ocr_carea' id='block_1_10' title="bbox 0 0 1434 4696">
    <p class='ocr_par' dir='ltr' id='par_1_11' title="bbox 0 0 1434 4696">
     <span class='ocr_line' id='line_1_36' title="bbox 0 0 1434 4696; baseline 0 0"><span class='ocrx_word' id='word_1_292' title='bbox 0 0 1434 4696; x_wconf 95' lang='lat' dir='ltr'> </span> 
     </span>
    </p>
   </div>
  </div>
 </body>
</html>
