2858 4696
699 254 732 302 ‘23

635 324 795 335 -—-.--.-

155 426 258 494 durch
274 448 316 492 zu
332 424 540 513 ergdnncnde
556 426 770 493 Nebensttze
787 427 953 508 erkltren,
976 424 1065 494 also:
1090 426 1146 492 abi
1166 432 1275 512 atque,

153 531 212 598 ubi
234 532 422 618 Hegionem
445 534 650 615 conveneris,
673 554 743 598 rem
768 539 921 617 enarrato
944 539 1005 598 etc.
1031 571 1073 581 -
1095 531 1174 597 inde
1189 533 1275 598 nihil

153 638 292 704 adeius
316 642 517 705 sententiam
540 639 742 705 fulciendam
766 640 919 705 efficitur.
965 641 1052 704 Nam
1080 638 1275 724 saepissime

151 746 188 809 in
213 747 260 810 eis
286 746 477 828 enuntiatis,
501 745 558 811 ubi
583 747 691 812 altero
716 767 843 831 quoque
863 746 936 811 loco
953 747 1105 811 Iussivus
1122 746 1197 810 usui
1214 751 1275 826 cst,

154 850 268 916 eodem
290 853 362 917 iure
386 854 456 918 tale
480 853 746 938 supplementum
770 852 848 917 addi
871 858 993 938 potest.
1039 853 1080 916 In
1104 852 1185 916 Hec.
1209 851 1274 916 369

152 956 297 1041 quidem:
333 959 404 1039 „Tu
433 979 514 1043 puer
547 981 659 1040 curre,
690 959 873 1041 Parmeno,
912 958 1047 1023 obviarn
1086 965 1185 1043 atque
1226 959 1274 1022 eis

151 1086 253 1129 onera
277 1064 444 1131 ιιιὶιιιιιιιι
467 1065 553 1130 bene
578 1064 729 1130 additur:
755 1087 849 1130 curre
873 1064 1008 1129 obviam
1024 1071 1124 1149 atque
1148 1065 1177 1128 si
1202 1086 1275 1128 oon-

151 1171 284 1235 veneris
316 1192 381 1251 eos,
412 1193 513 1236 onera
545 1171 669 1237 adiuta.
715 1172 798 1236 Eun.
831 1173 911 1238 753:
948 1172 1084 1253 „abitu
1108 1170 1275 1235 cistellam

150 1277 303 1365 Pythias,
328 1276 423 1341 domo
449 1279 586 1342 θοΐειιι
610 1278 711 1369 facile
736 1278 925 1371 suppletur:
945 1277 1010 1369 ,abi
1031 1284 1077 1359 tu,
1106 1277 1275 1355 cistellam

151 1400 224 1447 cum
255 1384 438 1464 inveneris,
473 1382 567 1448 domo
601 1372 707 1448 ecfer¹
740 1378 836 1465 Hoc,
867 1385 947 1451 314:
982 1372 1274 1466 „abi,'Par1i1eno,

151 1490 240 1555 intro
273 1512 312 1555 ac
342 1512 394 1555 me
425 1491 566 1556 venisse
588 1490 763 1556 nuntia“
794 1491 845 1556 ita
866 1481 1025 1575 suppleri
1055 1496 1181 1575 potest:
1218 1488 1275 1554 abi

151 1596 240 1659 intro
272 1617 312 1660 ao
343 1597 372 1661 si
401 1597 480 1661 illas
513 1599 718 1678 conveneris,
748 1599 875 1663 nuntia.
939 1597 1012 1661 Hoc
1043 1603 1154 1662 autem
1172 1597 1275 1681 ,inter

152 1701 234 1766 haec
267 1702 417 1788 exempla
449 1689 496 1768 et⁴
511 1703 597 1768 illud
628 1702 716 1769 And.
748 1703 811 1770 351
844 1705 996 1785 interest,
1032 1696 1116 1788 quod
1148 1703 1182 1766 in
1212 1702 1274 1767 hoc

152 1808 337 1892 posteriore
368 1830 441 1874 cum
471 1810 596 1875 maiore
629 1812 800 1895 gravitate
833 1806 955 1875 dicitur
984 1797 1018 1888 et
1049 1808 1163 1874 verbis
1190 1809 1273 1893 ipsis

151 1912 319 1980 indicatur
353 1915 494 1980 alteram
521 1937 591 1981 rem
614 1906 766 2001 loquenti
787 1917 895 2000 magis
921 1914 1011 1980 cordi
1036 1937 1118 1997 esse,
1143 1932 1216 1981 oum
1236 1914 1274 1991 id
1328 1922 1330 1929 '

151 2019 280 2085 inillis
304 2042 369 2086 non
392 2020 567 2087 indicetur.
614 2022 679 2087 Ad.
703 2015 784 2087 376:
821 2022 948 2104 „Piscis
973 2013 1101 2087 ceteros
1121 2013 1274 2107 pur'ga',

151 2126 285 2209 Dromo,
309 2149 471 2213 gongrum
493 2129 596 2194 istum
622 2129 800 2194 maximum
822 2130 858 2193 in
888 2149 973 2214 aqua
1003 2116 1141 2208 sinito
1157 2125 1273 2193 ludere

152 2234 345 2320 tantisper.“
399 2234 464 2300 Hic
497 2242 645 2317 „ceteros
681 2239 805 2323 purga“
845 2236 982 2300 minoris
1021 2236 1180 2301 momenti
1212 2239 1273 2316 est,

151 2363 227 2406 nam
251 2341 391 2407 eumad
415 2363 530 2407 cenam
554 2341 716 2408 destinati
733 2342 810 2424 sint,
834 2365 895 2418 sua
911 2326 1029 2427 sponte
1053 2325 1274 2427 intellegitur,

152 2469 207 2512 eos
248 2450 320 2513 esse
358 2443 557 2534 purgandos,
593 2449 651 2514 sed
682 2446 752 2513 hoo
776 2432 953 2534 praecipue
988 2446 1074 2532 Syro
1107 2447 1198 2527 cordi
1223 2452 1274 2525 est

151 2574 314 2640 gongrum
336 2556 481 2620 nondum
504 2557 650 2641 purgari,
667 2553 726 2620 scd
742 2556 778 2619 in
794 2576 880 2640 aqua
899 2544 1013 2619 ludere
1031 2542 1113 2618 sini.¹
1151 2555 1273 2619 Heaut.

153 2659 325 2744 866sqq.:
361 2658 458 2741 „Dio
483 2663 687 2742 convenisse,
713 2652 822 2748 egisse
845 2666 880 2727 te
905 2659 945 2726 de
968 2654 1095 2745 nuptiis
1121 2645 1166 2707 -’
1185 2666 1274 2747 post·

151 2786 240 2830 remo
274 2766 383 2847 etlam,
416 2768 445 2831 si
477 2767 581 2849 voles,
615 2767 811 2853 desponsam
845 2788 971 2851 quoque
997 2788 1069 2831 esse
1095 2755 1273 2847 dicitoss‘

150 2870 209 2936 ubi
246 2872 450 2957 imperativo
487 2893 541 2938 res
574 2875 710 2939 maioris
749 2874 930 2959 gravitatis
971 2871 1019 2937 et¹
1037 2894 1119 2957 quac
1151 2873 1192 2938 ad
1225 2864 1273 2955 ea,

151 3000 234 3062 quae
266 2985 420 3063 aguntur,
457 2981 632 3046 efficienda
655 2982 813 3046 maiorem
837 2981 905 3044 vim
929 2978 1042 3061 habet,
1067 2979 1272 3065 designatur.

151 3085 235 3150 Eun.
260 3075 402 3170 852'sq:
426 3086 556 3166 „Unam
579 3087 664 3152 hano
688 3089 822 3151 noxiam
845 3087 1016 3167 amitte,
1040 3087 1070 3150 si
1093 3084 1195 3151 aliam
1219 3086 1272 3152 ad·

147 3193 271 3256 misero
301 3211 453 3277 unquam,
485 3193 665 3274 occidito“;
697 3193 751 3257 hic
783 3182 980 3257 occidito
1021 3211 1094 3256 cum
1124 3191 1273 3277 emphasi

85 3357 87 3362 .
152 3297 274 3363 dicitur
290 3304 325 3364 et
335 3320 380 3363 ea
394 3300 562 3376 nuntiatio
577 3298 784 3365 iuriiurando
801 3299 920 3364 similis
934 3304 996 3364 est.
1012 3339 1014 3346 ·
1030 3297 1272 3365 Heaut‘1033:

151 3404 299 3485 „crede
328 3412 362 3470 et
393 3411 543 3470 nostrum
574 3413 609 3471 te
641 3428 714 3471 esse
747 3406 956 3487 credito,“
994 3405 1057 3470 hoc
1088 3407 1273 3490 posteriore

150 3509 185 3573 id
209 3509 427 3595 significatur,
459 3511 544 3595 quod
576 3512 719 3578 altorum
743 3515 882 3579 credere*
901 3513 1099 3598 praecipuae
1121 3511 1273 3595 loquenti

151 3637 249 3682 curae
274 3622 335 3682 est.
381 3617 532 3683 Ceterum
558 3619 593 3683 in
610 3618 761 3684 omnibus
777 3619 830 3683 his
847 3619 1006 3704 exemplis
1032 3616 1272 3702 gradationem,

152 3744 235 3806 quae
257 3725 458 3806 nominatur,
481 3727 591 3790 inesse
615 3727 716 3791 facile
739 3726 969 3811 intellegitur3
994 3724 1080 3809 quod
1102 3729 1213 3789 autem
1236 3726 1272 3789 in

151 3829 215 3893 tali
246 3832 456 3915 copulatione
487 3832 665 3897 verborum
697 3854 825 3917 semper
857 3832 967 3917 priore
1005 3831 1078 3896 loco
1110 3831 1272 3913 lascivus,

151 3935 259 4000 altero
282 3937 506 4022 Imperativus
530 3938 866 4024 legitur,manifeste
892 3936 997 4018 docet,
1019 3938 1055 4001 in
1078 3937 1141 4002 hoc
1164 3945 1272 4021 poste-

150 4043 238 4107 riore
262 4044 421 4108 maiorem
444 4046 513 4109 vim
537 4051 571 4110 ct
594 4046 798 4130 gravitatem
825 4045 945 4109 inesse.
992 4042 1086 4118 Quae
1121 4045 1272 4129 exempla

152 4169 193 4212 ex
222 4149 339 4215 Plauti
369 4150 494 4216 fabulis
533 4151 598 4217 huo
627 4152 807 4236 pertinent,
848 4172 887 4215 ca
927 4151 1096 4236 congessit
1125 4150 1271 4216 Lochias
