2858 4696
733 286 765 336 19

183 468 222 528 ut
243 483 325 547 puer
349 467 443 527 satur
468 461 522 542 sit,
546 461 718 528 faeit0.“
760 458 825 526 Ad.
842 462 922 528 817:
946 461 1053 547 „quod
1068 460 1147 528 hine
1163 480 1309 528 aeeesse·

183 570 239 650 rit,
269 568 305 632 id
328 567 485 633 deluere
508 573 662 653 putato
692 589 766 633 esse
789 571 912 632 omne.“
961 567 1013 633 Ex
1035 568 1151 634 Plauti
1182 568 1309 634 fabulis

184 676 248 740 huo
278 676 449 760 pertinent
481 696 521 739 ee
553 675 713 759 exempla,
746 695 830 760 quae
861 674 1006 740 Loehius
1037 676 1060 740 l.
1089 677 1112 741 l.
1142 698 1173 761 p.
1205 677 1308 742 3-*5

186 781 312 846 attulit.
421 779 423 783 ’

164 920 169 930 ·
273 888 361 952 Huic
392 887 468 952 usui
500 886 541 951 ad
572 884 720 953 futurum
746 893 876 973 tempus
900 888 1083 975 pertinenti
1106 891 1308 974 propinquus

185 999 239 1060 est
268 1015 348 1059 usus
372 994 579 1080 Imperativi,
610 993 669 1058 ubi
700 1000 984 1079 praeceptum
1016 995 1150 1080 aliquod
1182 995 1308 1076 editur;

183 1101 233 1165 ibi
258 1121 385 1185 quoque
408 1101 490 1166 haee
514 1100 621 1166 forma
643 1107 832 1185 usurpatur,
855 1108 893 1166 ut
915 1106 1130 1187 praeceptum
1145 1103 1181 1166 in
1196 1107 1309 1168 mente

186 1208 265 1288 eius,
297 1209 351 1272 eui
378 1207 592 1292 praecipitur,
623 1209 841 1292 imprimatur,
874 1213 908 1272 et
937 1209 1015 1293 ipse
1042 1209 1173 1293 plenior
1203 1208 1309 1273 forme

186 1335 259 1378 eum
282 1315 452 1398 gravitate
477 1315 663 1378 enuntiata·
683 1335 757 1378 eum
779 1319 913 1380 moveat
938 1320 972 1379 et
999 1314 1041 1379 ad
1066 1314 1309 1399 exsequendum

185 1418 339 1485 eddueet.
385 1418 499 1504 Atque
522 1421 664 1504 primum
687 1419 728 1484 de
753 1421 800 1485 eis
823 1420 908 1485 loeis
932 1440 1042 1506 agam,
1075 1418 1134 1485 ubi
1158 1421 1309 1506 generali

183 1527 316 1591 ratione
339 1525 382 1591 ad
404 1532 512 1592 totam
536 1527 643 1592 vitam
666 1531 880 1611 praeceptum
903 1527 1059 1611 pertinet.
1100 1526 1186 1592 Sunt
1209 1527 1308 1591 haee:

185 1632 306 1698 Heaut.
330 1633 412 1698 221:
449 1632 635 1713 „Periolum
659 1654 700 1696 ex
722 1632 799 1696 aliis
823 1633 981 1713 facito,
1004 1631 1069 1698 tibi
1086 1632 1173 1717 quod
1190 1653 1230 1697 ex
1245 1653 1308 1698 usu

87 1829 89 1832 y
185 1740 278 1804 siet.“
324 1738 380 1803 Ad
411 1739 494 1803 417:
517 1739 609 1820 „Hoo
633 1739 773 1803 facito
799 1774 840 1786 --
864 1739 926 1803 hoo
950 1740 1128 1824 fugito“;
1156 1738 1202 1803 ib.
1225 1739 1308 1804 426:

185 1845 331 1926 „Iterum
354 1846 404 1910 sie
430 1849 671 1911 memento.“
729 1843 829 1930 Apud
852 1844 1011 1909 Plautum
1044 1845 1126 1910 haee
1157 1845 1309 1931 exempla

185 1955 334 2017 exstant:
366 1949 460 2016 (lure.
484 1951 543 2015 28:
578 1951 652 2032 „Ita
683 1955 777 2016 tuum
809 1951 1011 2015 conferto
1035 1973 1147 2016 amare
1171 1972 1308 2036 semper,

185 2057 214 2120 si
238 2059 338 2142 sapis,
360 2079 403 2123 ne
426 2056 462 2121 id
485 2056 571 2142 quod
587 2078 688 2137 ames,
711 2057 852 2143 populus
869 2058 898 2121 si
922 2058 1017 2138 seiet,
1033 2057 1099 2122 tibi
1115 2057 1161 2122 sit
1176 2057 1308 2142 probro.

186 2161 323 2248 Semper
340 2170 508 2244 curato,
524 2185 567 2228 ne
583 2166 630 2228 sis
645 2163 883 2229 intestabilis.“
909 2163 1029 2228 Pseud.
1049 2167 1130 2230 312:
1170 2163 1308 2248 Semper

149 2324 152 2328 Α
183 2275 221 2335 tu
234 2270 339 2335 adme
352 2293 426 2336 oum
438 2277 617 2356 argentata
630 2292 698 2336 aee
708 2270 822 2335 edito
839 2271 1095 2355 quaerimonia.“
1122 2271 1212 2335 Trin.
1225 2271 1307 2335 295:

184 2377 278 2457 „Meo
302 2377 397 2442 modo
421 2376 569 2442 moribus
593 2378 739 2442 vivito
764 2377 923 2460 antiquis:
948 2397 1032 2460 quae
1049 2398 1110 2461 ego
1133 2375 1198 2442 tibi
1214 2398 1307 2460 prae·

184 2484 280 2567 cipio,
298 2505 337 2549 ea
353 2484 494 2563 feeito“;
517 2483 661 2550 1113201
693 2483 897 2564 „Benefaeta
911 2481 1099 2547 benefactis
1116 2483 1193 2548 ahie
1210 2504 1302 2568 per-

184 2590 347 2673 tegito‚
370 2611 413 2654 ne
428 2591 643 2674 perpluant“;
666 2589 711 2654 ib.
727 2590 809 2655 485:
845 2588 1001 2676 „Semper
1018 2596 1055 2654 tu
1070 2589 1133 2654 hoe
1149 2591 1307 2670 facito,

183 2693 380 2776 Lesbonioe,
404 2696 561 2778 cogites.“
616 2695 712 2780 Epid.
744 2696 822 2760 595:
861 2694 937 2775 „ubi
968 2696 1063 2760 voles
1093 2701 1190 2779 peter
1223 2717 1306 2777 esse,

183 2801 231 2866 ibi
260 2806 371 2882 esto,
402 2801 462 2867 uhi
493 2802 595 2883 noles,
625 2822 667 2866 ne
698 2802 801 2867 fueris
832 2805 957 2886 pater:“
1009 2799 1084 2866 Oas.
1115 2801 1162 2882 ΙΙ,
1193 2804 1224 2882 2,
1248 2802 1307 2869 35;

182 2909 378 2993 ,,Ιηείρὶ0110,
402 2931 533 2996 semper
554 2916 594 2975 tu
616 2909 681 2974 hoe
701 2908 806 2973 verbo
830 2910 976 2975 vitato
1001 2907 1061 2974 abs
1077 2913 1116 2973 tu
1136 2909 1238 2973 viro.“
1264 2946 1306 2955 —

183 3014 288 3079 Porro
319 3020 430 3079 autem
461 3016 686 3100 Imperativus
717 3017 795 3079 usui
825 3020 887 3096 est,
910 3036 984 3079 eum
1017 3014 1058 3079 de
1082 3019 1175 3080 certe
1196 3035 1244 3096 re,
1266 3013 1308 3079 de

184 3142 258 3204 que>
271 3120 343 3205 ipso
369 3142 407 3185 eo
430 3126 579 3206 tempore
603 3123 725 3206 agitur,
742 3121 843 3185 alieni
859 3121 1072 3205 praecipitur,
1096 3119 1176 3204 quid
1191 3121 1307 3202 faeiat,

183 3232 222 3291 ut
261 3248 300 3291 ea
341 3233 565 3312 componatur.
625 3227 788 3312 Exempla
827 3232 905 3292 sunt
935 3226 1034 3292 haee:
1069 3226 1193 3291 Heaut.
1225 3225 1306 3292 702:

183 3332 331 3417 „Aperte
354 3334 414 3415 ita,
436 3339 475 3398 ut
497 3355 550 3398 res
574 3354 657 3398 sese
681 3333 801 3415 hahet,
826 3336 1034 3399 narrato.“
1079 3333 1153 3397 Hoe
1176 3331 1306 3399 Cliniae

182 3438 401 3520 adulescenti,
438 3440 518 3525 quid
549 3440 589 3504 de
628 3441 735 3504 amioa
765 3439 809 3504 ad
840 3445 971 3524 petrem
1002 3438 1101 3521 dieat,
1133 3442 1307 3524 quaerenti

119 3625 121 3629 Ι
184 3543 289 3628 Syrus
313 3546 488 3631 praecipit.
541 3546 625 3611 Eun.
649 3544 731 3611 445:
756 3544 892 3612 Gnatho
918 3544 1093 3626 Thrasoni,
1122 3546 1179 3629 qui
1205 3546 1306 3611 inter·

181 3653 331 3736 rogavit:
355 3651 416 3717 sed
437 3652 520 3717 heus
543 3658 591 3733 tu,
615 3650 752 3737 purgon'
776 3673 837 3736 ego
862 3672 914 3716 me
931 3651 1074 3717 deletae
1091 3650 1213 3717 Thaidi
1229 3651 1305 3716 -?

181 3757 376 3843 respondet:
412 3758 583 3843 „Denique
614 3779 675 3843 par
705 3780 766 3842 pro
796 3759 870 3843 pari
900 3759 1087 3838 referto,
1119 3757 1204 3842 quod
1233 3778 1305 3825 eam

181 3863 360 3929 mordeat.“
405 3864 519 3931 Heaut
542 3865 625 3942 943:
648 3864 805 3930 Chremes
829 3862 1058 3930 Menedemum
1083 3868 1244 3945 orantem,
1266 3869 1305 3930 ut

182 3969 223 4034 de
254 3969 323 4035 filio
350 3969 556 4036 *continendo
588 3969 655 4036 sibi
686 3969 836 4052 suadeat‚
860 3971 942 4036 haee
966 3970 1076 4034 faeere
1100 3968 1209 4034 iubet:
1244 3970 1305 4051 „Id

181 4076 296 4141 mirari
319 4082 354 4142 te
378 4077 584 4143 simulato
602 4077 755 4142 'etillum
777 4078 840 4141 hoe
856 4075 1183 4161 rogitatosimul,
1208 4098 1305 4161 quam

182 4179 225 4245 ob
249 4204 320 4248 rem
350 4181 384 4247 id
416 4173 565 4249 faeiem.“
619 4182 675 4248 Ad
699 4184 765 4250 574
796 4205 864 4268 sqq.
889 4181 994 4266 Syrus
1018 4182 1179 4247 Demeam
1202 4183 1303 4257 inter-

1167 4287 1201 4342 2*
